1741 2902
609 114 839 144 AENEIDos
871 115 957 145 LIB.
992 115 1054 146 XI.
1466 102 1552 145 259

135 222 163 245 “
180 223 316 267 Haud
336 223 401 266 ita
422 236 492 265 me
514 222 685 278 experti
707 222 848 265 Bitias
871 227 915 265 et
936 219 1166 265 Pandarus
1187 221 1353 278 ingens,

133 294 160 315 “
177 295 239 337 Et
261 309 367 350 quos
390 293 512 336 mille
534 293 603 336 die
626 293 765 336 victor
786 294 867 336 sub
891 293 1077 337 Tartara
1097 293 1223 353 misi,-

136 364 162 384 “
183 365 387 407 Inclusus
410 363 545 406 muris
567 363 801 419 hostilique
825 378 980 420 aggere
1003 369 1164 420 septus.

133 434 159 455 ‘⁶
177 434 320 477 Nulla
341 435 464 477 salus
487 435 604 478 bello.
671 434 819 490 Capiti
841 448 947 477 cane
969 434 1092 489 talia,
1117 435 1313 488 demens,

133 503 159 523 “
179 504 401 547 Dardanio
424 505 634 560 rebusque
658 505 757 548 tuis.
824 505 1010 547 Proinde
1033 505 1180 547 omnia
1202 519 1362 561 magno
1467 504 1554 546 400

133 573 160 594 “
175 573 242 616 Ne
265 589 383 617 cessa
404 575 580 617 turbare
598 580 740 629 metii,
765 580 900 630 atque
923 576 1126 618 extollere
1148 576 1257 618 vires

133 644 160 665 ‘⁶
179 645 337 688 Gentis
358 646 425 688 bis
448 646 606 702 victae,
631 652 783 689 eontra
806 661 996 702 premere
1019 661 1139 688 arma
1163 646 1325 689 Latini.

134 715 161 737 “
177 716 307 759 Nunc
323 721 367 758 et
382 716 712 772 Myrmidonum
729 732 921 774 proceres
940 717 1132 773 Phrygia
1146 731 1265 759 arma
1281 716 1556 772 tremiscunt,

134 786 162 807 ‘⁶
182 786 313 829 Nunc
336 792 380 829 et
404 787 597 842 Tydides
619 793 665 829 et
688 787 938 830 Larissaeus
960 787 1175 841 Achilles,

135 856 162 877 “
176 856 336 900 Amnis
358 862 402 899 et
424 857 665 900 Hadriacas
686 863 800 900 retro
821 857 937 914 fugit
960 857 1150 900 Aufidus
1172 858 1323 900 undas.
1471 856 1557 900 405

134 927 161 948 “
180 927 265 969 Vel
286 942 389 970 cum
411 942 454 971 se
475 927 686 984 pavidum
707 933 858 970 contra
879 926 976 969 mea
992 928 1139 984 jurgia
1160 927 1289 983 fingit

134 997 374 1041 “Artificis
397 998 550 1053 scelus,
575 1003 619 1040 et
640 997 869 1040 formidine
892 998 1054 1040 crimen
1076 999 1302 1042 acerbat..
1323 1033 1330 1041 .
1349 1033 1356 1041 .

134 1067 162 1088 ‘⁶
183 1067 441 1124 Numquam
462 1067 658 1110 animam
679 1068 816 1110 talem
838 1068 995 1110 dextra
1016 1068 1301 1110 hae-absiste
1322 1068 1484 1110 moveri
1499 1093 1518 1100 -

135 1138 161 1159 ‘⁴
178 1138 402 1193 Amittes;
435 1138 606 1181 habitet
629 1143 778 1181 tecum
800 1144 845 1181 et
868 1138 926 1181 sit
950 1144 1124 1195 pectore
1146 1139 1192 1180 in
1214 1138 1379 1182 isto.—

135 1208 162 1230 “
180 1208 310 1252 Nunc
332 1211 388 1252 ad
410 1215 455 1252 te
479 1215 523 1252 et
546 1215 626 1252 tua
649 1224 827 1266 magna,
851 1215 991 1266 pater,
1018 1210 1218 1252 consulta
1241 1215 1439 1253 revertor.
1472 1208 1561 1251 410

136 1280 162 1301 “
185 1280 253 1324 Sic
277 1280 447 1322 nullam
468 1280 627 1323 nostris
648 1281 767 1322 ultra
790 1280 911 1337 spem
934 1280 1057 1336 ponis
1079 1280 1125 1322 in
1147 1280 1298 1335 armis,

136 1352 162 1373 “
185 1352 231 1395 Si
252 1357 346 1394 tam
368 1352 526 1394 deserti
547 1367 713 1407 sumus,
737 1357 781 1394 et
805 1352 938 1394 semel
960 1352 1132 1408 agmine
1154 1366 1276 1394 verso

136 1422 162 1443 ‘⁶
181 1423 406 1465 Funditus
428 1423 680 1478 occidimus,
704 1437 846 1479 neque
868 1423 1001 1464 habet
1023 1422 1223 1464 Fortuna
1245 1435 1486 1478 regressum
1502 1435 1514 1475 3

136 1492 166 1513 ‘³
183 1492 369 1547 Qremus
392 1508 557 1549 pacem,
582 1499 625 1535 et
649 1494 825 1535 dextras
848 1493 1082 1534 tendamus
1104 1492 1289 1534 inertes:

137 1563 164 1585 ‘⁶
186 1564 478 1619 Quamquam,
504 1578 528 1606 o
551 1563 585 1606 si
609 1563 760 1606 solitae
783 1563 1025 1619 quidquam
1045 1562 1222 1604 virtutis
1244 1562 1431 1616 adesset,
1471 1560 1560 1604 415

138 1634 165 1655 “
184 1635 266 1676 Ille
289 1634 398 1676 mihi
419 1640 522 1676 ante
545 1634 651 1677 alios
672 1634 1010 1688 fortunatusque
1032 1633 1233 1675 laborum

138 1705 168 1726 “
183 1705 481 1761 Egregiusque
503 1704 653 1760 animi,
678 1704 771 1760 qui,
796 1718 850 1745 ne
873 1703 980 1759 quid
1001 1703 1090 1745 tale
1111 1703 1291 1758 videret,

139 1775 166 1797 ‘⁶
184 1775 423 1818 Procubuit
445 1775 629 1817 moriens
652 1780 697 1817 et
719 1774 907 1816 humum
929 1774 1062 1816 semel
1083 1789 1153 1816 ore
1175 1773 1420 1816 momordit.

140 1846 167 1868 “
188 1846 264 1891 sin
286 1850 330 1889 et
353 1860 456 1902 opes
477 1845 600 1888 nobis
623 1850 667 1887 et
690 1844 833 1887 adhuc
854 1844 1027 1887 intacta
1044 1843 1271 1900 juventus,

139 1917 166 1938 ‘⁶
184 1916 452 1973 Auxilioque
473 1916 602 1959 urbes
623 1915 767 1958 Italae
790 1915 1031 1972 populique
1054 1920 1292 1971 supersunt
1309 1928 1321 1969 3
1474 1911 1564 1956 420

140 1987 167 2008 ‘⁴
188 1987 266 2030 Sin
287 1992 331 2030 et
351 1987 552 2043 Trojanis
574 2001 677 2029 cum
698 1987 841 2028 multo
863 1986 1000 2042 gloria
1022 1986 1145 2028 venit

141 2058 168 2079 ‘⁶
190 2058 410 2114 Sanguine
424 2084 443 2090 -
458 2063 562 2101 sunt
584 2058 670 2101 illis
693 2072 772 2101 sua
792 2057 962 2113 funera,
987 2071 1152 2113 parque
1175 2070 1253 2113 per
1274 2070 1424 2098 omnes

143 2128 169 2149 ‘⁶
190 2129 448 2184 Tempestas
462 2142 507 2171 -:
544 2143 622 2170 cur
642 2129 860 2170 indecores
882 2128 929 2169 in
950 2128 1102 2169 limine
1125 2127 1266 2183 primo

143 2199 174 2220 “
195 2199 434 2240 Defioimus
450 2200 472 2241 ?
508 2213 586 2240 cur
606 2203 710 2240 ante
731 2198 887 2240 tubam
909 2203 1069 2240 tremor
1090 2202 1276 2252 occupat
1300 2202 1421 2238 artus
1437 2197 1458 2238 Ρ

144 2269 170 2289 “
192 2268 339 2310 Multa
361 2267 452 2310 dies
475 2267 667 2323 variique
689 2266 812 2308 labor
833 2266 1060 2308 mutabilis
1083 2266 1178 2307 aevi
1478 2264 1565 2306 425

145 2338 172 2359 ‘⁶
191 2338 364 2381 Retulit
386 2338 432 2380 in
454 2337 610 2380 melius
627 2352 638 2391 3
673 2337 835 2378 multos
857 2336 1027 2378 alterna
1049 2335 1237 2377 revisens

146 2408 173 2430 “
191 2409 320 2451 Lusit
345 2413 389 2451 et
410 2409 456 2450 in
479 2408 612 2451 solido
635 2422 780 2450 rursus
802 2407 1002 2448 Fortuna
1023 2406 1196 2449 locavit.

147 2480 173 2501 ‘⁶
191 2480 294 2523 Non
315 2480 398 2522 erit
421 2479 583 2522 auxilio
606 2478 730 2521 nobis
753 2477 939 2520 Aetolus
962 2482 1006 2519 et
1029 2477 1142 2534 Arpi
1160 2490 1172 2530 ;

150 2551 174 2573 ‘⁶
194 2551 259 2595 At
282 2552 510 2608 Messapus
532 2550 616 2593 erit
639 2549 834 2605 felixque
857 2548 1133 2604 Tolumnius,
1159 2552 1203 2590 et
1225 2561 1332 2603 quos
