1757 2916
148 144 240 187 204
633 154 864 185 AENfflDos
897 154 983 184 Llss.
1019 153 1081 183 lx.

149 265 233 308 Sed
256 279 351 306 non.
365 264 546 320 augurio
567 263 717 320 potuit
739 262 955 318 depellere
979 266 1162 317 pestem.

148 335 254 377 Tres
272 334 405 390 juxta
425 334 627 388 famulos,
652 339 816 376 temere
838 332 952 374 inter
977 332 1067 373 tela
1083 330 1296 386 jacentes,

146 405 516 462 Armigerumque
539 404 669 447 Remi
691 403 853 460 premit
875 395 1280 458 aurigamquessub
1302 400 1408 458 ipsis
1491 401 1578 443 330

147 476 317 519 Nactus
341 476 478 532 equis,
501 476 697 531 ferroque
720 479 838 517 secat
860 472 1102 530 pendentia
1125 473 1246 516 eolla.

147 548 265 590 Tum
288 552 423 604 eaput
445 547 529 603 ipsi
551 546 694 588 aufert-
717 545 906 600 domino,
931 549 1227 600 truncumque
1250 543 1459 600 relinquit

147 617 368 675 Sanguine
392 617 734 673 singultantem:
770 620 864 658 atro
886 614 1109 671 tepefacta
1131 629 1280 658 eruore
1434 667 1454 681 b

147 690 280 732 Terra
302 688 471 744 torique
488 688 683 732 madent.
728 687 822 730 Nee
840 701 927 729 non
944 686 1271 743 Lamyrumque
1287 682 1580 740 Lamuinque,

146 762 207 804 Et
224 760 435 816 juvenem
459 760 708 814 Serranum,
732 758 809 801 illa
831 757 907 814 qui
928 757 1122 814 plurima
1144 763 1271 800 noete
1487 755 1577 799 335

146 833 346 887 Luserat,
371 831 552 887 insignis
573 830 699 886 faeie,
723 830 952 885 multoque
964 828 1141 885 jacebat

147 903 347 946 Membra
369 903 448 945 deo
469 902 640 946 vietus:
674 901 792 957 felix,
818 901 854 944 si
875 905 1084 957 protenus
1106 900 1236 943 illum

147 974 395 1031 Aequasset
419 973 539 1016 noeti
560 973 718 1016 ludum
739 972 784 1014 in
806 972 1037 1028 lucemque
1060 972 1249 1015 tulisset.

148 1046 378 1102 Impastus
400 1059 478 1087 eeu
500 1044 631 1100 plena
651 1044 717 1086 leo
739 1058 817 1100 per
839 1043 968 1086 ovilia
992 1043 1204 1085 turbans-

149 1116 314 1159 Suadet
337 1114 453 1157 enim
474 1129 633 1157 vesana
653 1114 790 1156 fames
803 1114 1092 1169 —manditque
1115 1113 1340 1169 trahitque
1494 1110 1582 1155 340

147 1186 280 1229 Molle
302 1191 724 1243 peeusmutumque
746 1191 886 1241 metii,
909 1184 1058 1226 fremit
1081 1199 1149 1227 ore
1173 1189 1363 1227 eruente.

147 1257 240 1300 Nee
265 1257 407 1300 minor
428 1257 611 1312 Euryali
635 1257 815 1299 caedes:
851 1255 1053 1298 incensus
1070 1260 1114 1297 et
1137 1255 1229 1311 ipse

149 1328 355 1383 Perfurit,
379 1342 429 1370 ae
452 1327 643 1374 multam
666 1327 710 1369 in
733 1326 876 1368 medio
898 1326 989 1368 sine
1011 1326 1185 1400 norpine
1214 1326 1400 1387 plebema

147 1399 410 1454 Fadumque
428 1390 762 1453 Herbesu'mque
780 1397 900 1439 subit
918 1397 1231 1453 Rhoetumque
1249 1388 1556 1452 Abarimque,-

149 1469 343 1526 Ignaros‚
370 1468 594 1510 Rhoetum
615 1467 875 1524 vigilantem
897 1472 941 1509 et
965 1472 1124 1510 cuneta
1145 1467 1371 1509 videntem
1387 1480 1398 1520 ;
1493 1465 1582 1509 345

151 1540 235 1583 Sed
258 1553 472 1596 magnum
495 1542 698 1581 metuens
721 1552 764 1581 se
785 1543 885 1595 post
910 1543 1077 1580 cratera
1099 1538 1290 1594 tegebat.

150 1611 331 1652 Pectore
353 1609 398 1652 in
421 1609 599 1652 adverso
622 1613 771 1652 totum
793 1608 865 1651 eui
887 1608 1131 1651 comminus
1153 1622 1301 1651 ensem

150 1681 363 1725 Condidit
385 1680 645 1737 assurgenti,
670 1685 715 1722 et
739 1680 883 1723 multa
904 1684 1045 1722 morte
1067 1679 1241 1736 recepit.

150 1751 426 1808 Purpuream
448 1751 585 1794 vomit
609 1751 682 1793 ille
704 1750 912 1805 animam,
938 1755 982 1793 et
1004 1765 1105 1792 eum
1128 1748 1341 1806 sanguine
1363 1749 1505 1791 mixta

142 1822 268 1880 'Vina
290 1822 417 1863 refert
441 1821 638 1864 moriens.
705 1820 792 1863 Hic
815 1821 930 1863 furto
951 1819 1144 1862 fervidus
1166 1819 1330 1873 instat;
1496 1819 1584 1862 350

130 1892 343 1948 'danique
367 1892 424 1934 ad
447 1891 642 1947 Messapi
664 1890 799 1934 Socios
822 1891 1049 1945 tendebat,
1073 1890 1149 1932 ubi
1172 1890 1322 1947 ignem

154 1963 348 2006 Deficere
371 1968 620 2004 extremum
643 1965 688 2003 et
712 1961 916 2018 religatos
943 1961 1024 2003 rite
1046 1961 1224 2004 videbat

152 2034 340 2090 Carpere
362 2047 542 2090 gramen
565 2046 723 2088 equos:
758 2032 947 2075 breviter
968 2047 1107 2088 quum
1130 2032 1239 2076 talia
1261 2032 1424 2075 Nisus-

153 2104 299 2148 Sensit
322 2103 438 2145 enim
463 2103 600 2145 nimia
621 2104 749 2146 caede
772 2107 907 2158 atque
930 2102 1133 2159 cupidine
1156 2102 1287 2145 ferri-

152 2176 178 2196 “
195 2175 477 2217 Absistamus
492 2189 501 2218 ε
516 2175 541 2192 ”
574 2174 637 2216 ait
661 2173 689 2196 “
704 2189 808 2216 nam
830 2174 908 2216 lux
929 2174 1106 2217 inimica
1128 2174 1405 2231 propinquat.
1497 2175 1585 2219 355

153 2247 179 2267 “
201 2247 450 2289 Poenarum
473 2245 739 2288 exhaustum
761 2245 869 2288 satis
892 2251 972 2301 est,
995 2245 1066 2287 via
1087 2245 1209 2287 saeta
1230 2260 1306 2302 per
1326 2245 1514 2290 11ost0s.'’

153 2318 300 2360 Multa
321 2317 464 2360 virum
486 2317 621 2360 solido
644 2321 824 2373 argento
846 2317 1039 2373 perseeta
1063 2316 1315 2372 relinquunt

152 2389 394 2445 Armaque,
418 2392 693 2443 craterasque
718 2387 863 2443 simul,
889 2387 1177 2444 pulchrosque
1200 2393 1383 2444 tapetas.

153 2460 376 2517 Euryalus
399 2459 598 2517 phaleras
622 2459 885 2501 Rhanuretis
908 2465 953 2502 et
978 2473 1110 2502 aurea
1131 2458 1265 2501 bullis
1298 2503 1306 2511 ,

154 2532 357 2588 Cingula,
374 2530 581 2574 -Tiburti
605 2530 791 2573 Remulo
814 2530 1057 2590 ditissimus
1080 2531 1183 2572 olim
1498 2530 1586 2574 360

156 2604 275 2658 Quae
298 2603 441 2646 mittit
463 2603 591 2658 dona,
618 2601 808 2658 hospitio
831 2578 977 2658 quumN
986 2602 1192 2658 jungeret
1215 2602 1384 2659 absens,

359 2671 375 2702 ἑ,
