1757 2916
107 195 114 202 .
158 138 184 166 ¹
228 141 314 185 190
463 194 485 200 η
691 153 922 184 AENfflnos
954 154 1040 186 LIB.
1075 154 1174 185 vm.

86 321 108 374 Ἧι·

227 262 403 306 Silvano
425 261 545 304 fama
567 267 633 304 est
656 267 822 305 veteres
846 277 1033 305 sacrasse
1056 263 1278 319 Pelasgos,
1572 261 1661 306 600

225 332 445 375 Arvorum
469 333 719 389 pecorisque
742 333 836 388 deo,
862 333 1102 388 lucumque
1125 333 1341 389 diemque¹

226 403 311 455 Qui
333 402 465 458 primi
488 402 595 444 fines
617 403 852 457 aliquando
874 402 1064 445 habuere
1087 402 1280 446 Latinos.

225 473 359 515 Haud
382 474 533 529 procul
554 473 655 514 111110
681 473 850 514 Tarcho
873 477 918 514 et
942 472 1157 528 Tyrrheni
1180 479 1281 516 tuta
1304 474 1514 516 tenebant

227 544 382 586 Castra
404 544 522 598 loeis,
549 544 747 599 celsoque
770 543 910 586 omnis
932 544 985 586 dc
1009 544 1114 586 00110
1138 544 1274 586 videri

223 614 329 656 Jam
352 619 525 670 poterat
546 613 673 670 legio,
699 620 743 656 et
766 614 869 657 latis
892 614 1104 656 tendebat
1126 614 1172 656 in
1195 614 1317 658 arvis
1565 615 1653 658 605

225 684 324 726 11110
350 689 476 740 pater
497 684 673 726 Aeneas
696 689 739 726 et
761 684 875 727 bello
896 685 1013 726 lecta
1029 684 1243 740 juventus

224 754 492 810 Succedunt,
515 755 705 810 fessique
728 759 772 796 et
795 769 927 811 equos
950 760 995 797 et
1017 769 1198 812 corpora
1219 760 1389 799 curant.

312 826 378 869 At
402 826 555 869 Venus
577 826 791 869 aetherios
814 826 930 869 inter
951 828 1032 869 dea
1054 827 1241 870 candida
1261 827 1435 870 nimbos

221 897 350 941 Dona
371 899 512 942 ferens
534 900 688 942 aderat
705 913 716 954 3
751 904 996 955 natumque
1017 898 1064 941 in
1087 899 1199 942 valle
1221 899 1403 942 reducta

221 969 290 1012 Ut
312 971 463 1026 procul
486 975 530 1012 et
553 971 696 1027 gelido
719 976 937 1014 secretum
959 970 1140 1013 flumine
1161 970 1289 1026 vidit,
1566 970 1656 1014 610

220 1041 403 1084 Talibus
425 1041 561 1084 affata
582 1047 649 1084 est
672 1042 816 1098 dictis,
841 1057 973 1098 seque
995 1041 1157 1085 obtulit
1178 1041 1322 1085 ultro:

222 1110 248 1131 ‘⁴
268 1111 340 1153 En
363 1111 558 1167 perfecta
581 1112 668 1154 mei
690 1112 902 1168 promissa
924 1112 1120 1169 conjugis
1141 1117 1235 1154 arte

221 1181 247 1202 “
268 1182 465 1238 Munera,
490 1197 544 1225 ne
566 1197 670 1225 mox
691 1188 770 1225 aut
793 1183 1050 1238 Laurentes,
1076 1187 1194 1238 nate,
1219 1183 1442 1239 superbos,

220 1251 247 1273 “
267 1252 366 1295 Aut
389 1268 533 1295 acrem
555 1254 731 1296 dubites
754 1254 799 1296 in
822 1254 986 1310 proelia
1007 1268 1182 1311 poscere
1207 1254 1451 1298 Turnum.”

220 1323 347 1366 Dixit-
371 1330 415 1366 et
438 1325 668 1381 amplexus
690 1325 787 1367 nati
811 1325 1025 1381 Cytherea
1047 1325 1234 1382 petivit3
1563 1325 1651 1369 615

218 1394 356 1437 Arma
379 1396 459 1437 sub
482 1396 663 1437 adversa
685 1395 832 1451 posuit
857 1396 1076 1439 radiantia
1098 1410 1272 1452 quercu.

217 1465 312 1517 Ille,
337 1466 443 1508 deae
465 1466 589 1509 donis
611 1470 655 1508 et
679 1472 806 1509 tanto
827 1467 970 1509 laetus
992 1467 1165 1522 honore,

216 1535 285 1577 Ex
291 1536 398 1592 pleri
422 1530 577 1592 nequit
599 1541 735 1594 atque
758 1537 905 1580 oeulos
927 1551 1006 1594 per
1028 1537 1200 1594 singula
1221 1536 1376 1593 volvit,

216 1606 493 1663 Miraturque
515 1607 717 1663 interque
741 1622 898 1650 manus
920 1612 964 1650 et
987 1607 1166 1651 brachia
1187 1611 1343 1651 versat.

216 1677 476 1721 Terribilem
500 1678 643 1721 cristis
665 1679 836 1735 galeam
858 1678 1147 1734 flammasque
1169 1683 1434 1734 vomentem,
1560 1677 1650 1722 620

216 1748 551 1805 Fatiferumque
574 1763 735 1805 ensem,
759 1749 938 1792 loricam
961 1763 1017 1792 ex
1038 1763 1134 1791 aere
1156 1749 1386 1806 rigentem,

216 1818 528 1875 Sanguineam,
551 1820 792 1876 ingentem,
817 1820 961 1876 qualis
983 1835 1123 1876 quum
1146 1819 1319 1863 caerula
1340 1819 1479 1862 nubes

215 1889 325 1932 Solis
348 1890 583 1933 inardescit
605 1891 736 1933 radiis
757 1891 971 1947 longeque
993 1891 1178 1947 refulget
1195 1904 1206 1944 ;

214 1959 331 2001 Tum
352 1960 467 2002 leves
491 1974 635 2003 ocreas
658 1961 817 2003 electro
839 1975 1031 2017 auroque
1054 1966 1236 2016 recocto,
1465 2008 1471 2012 ,

215 2029 503 2087 Hastamque,
527 2036 572 2074 et
595 2031 725 2088 clipei
746 2046 833 2074 non
857 2032 1098 2074 enarrabile
1122 2037 1310 2075 textum.
1558 2033 1647 2077 625

212 2101 309 2144 Illic
333 2117 398 2144 res
421 2103 561 2145 Italas
584 2102 970 2159 Romanorumque
994 2103 1260 2160 triumphos,

212 2172 347 2215 Haud
370 2177 526 2215 vatum
548 2173 724 2229 ignarus
747 2173 1008 2229 venturique
1030 2173 1194 2217 inscius
1217 2174 1327 2230 aevi,

211 2242 396 2286 Fecerat
419 2243 703 2300 Ignipotens3
737 2244 825 2287 11110
848 2259 987 2301 genus
1009 2259 1137 2287 omne
1159 2245 1335 2288 futurae

212 2314 369 2370 Stirpis
393 2315 449 2357 ab
473 2314 664 2357 Ascanio
685 2321 972 2372 pugnataque
995 2315 1040 2358 in
1063 2315 1211 2358 ordine
1233 2315 1363 2360 bella.

210 2384 398 2427 Fecerat
421 2391 466 2428 et
489 2385 622 2428 viridi
640 2386 777 2429 fetam
801 2386 1014 2430 Mavortis
1035 2386 1080 2429 in
1103 2392 1230 2429 ant-ro
1555 2386 1644 2431 630

211 2456 501 2499 Procubuisse
524 2457 703 2513 lupam:
737 2458 932 2514 geminos
953 2457 1058 2501 111110
1080 2458 1214 2500 ubera
1237 2457 1402 2500 circum

210 2526 378 2570 Ludere
400 2529 640 2584 pendentes
662 2544 832 2585 pueros,
856 2534 901 2572 ct
923 2529 1112 2572 lambere
1135 2534 1323 2571 matrem

212 2600 464 2657 Impavidos
481 2615 491 2655 ;
526 2601 649 2644 illam
672 2601 801 2644 tereti
823 2602 988 2645 cervice
1012 2601 1218 2644 reflexam
