1757 2916
137 129 225 173 256
545 145 552 151 ·
620 135 850 167 Annninos
883 135 969 165 LIB.
1005 133 1066 163 xi.

141 249 170 271 ‘⁶
187 249 250 292 Et
273 261 477 305 responsa
500 245 632 289 simul
653 259 765 301 quae
788 243 892 298 sint,
916 256 992 284 rex
1013 240 1194 297 optime,
1219 237 1331 294 regis

143 320 168 341 ‘⁴
184 319 380 374 Audisti,
405 323 450 361 et
473 331 584 374 quae
608 315 666 359 sit
687 328 847 370 magno
870 312 1089 356 sententia
1110 309 1268 353 bello.'’
1483 307 1570 350 295

144 392 233 435 Vix
256 406 306 434 ea
327 389 489 447 legati;
524 387 757 442 variusque
780 399 859 442 per
880 398 954 427 ora
977 382 1169 426 cucurrit

146 463 421 509 Ausonidum
444 461 627 504 turbata
647 459 828 501 fremor:
865 470 944 498 ceu
970 469 1074 498 saxa
1095 458 1323 496 morantur

146 536 293 588 Quum
316 533 488 589 rapidos
511 544 676 584 amnes,
700 528 752 570 fit
775 528 923 570 clauso
945 525 1117 582 gurgite
1139 537 1352 577 murmur,

146 606 416 660 Vicinaeque
438 602 636 644 fremunt
659 600 777 656 ripae
802 596 1120 654 crepitantibus
1141 595 1282 638 undis.

148 677 216 719 Ut
239 675 431 731 primum
454 671 620 730 placati
642 670 780 712 animi
801 675 847 712 et
869 667 1041 724 trepida
1063 681 1136 709 ora
1158 665 1380 722 quierunt,
1490 662 1579 705 300

149 746 379 790 Praefatus
402 745 522 787 divos
547 743 650 786 solio
673 757 751 784 1·οΧ
773 741 873 783 infit
896 740 951 782 ab
974 739 1064 782 alto
1085 752 1095 782 ε

150 819 177 839 “
197 819 317 865 Ante
341 815 544 872 equidem
568 828 741 857 summa
763 813 817 855 de
841 826 885 854 re
909 810 1131 866 statuisse,
1156 808 1323 864 Latini,

151 890 177 910 ‘⁶
193 889 255 932 Et
277 888 450 942 vellem,
475 892 518 929 et
540 885 685 928 fuerat
706 884 876 939 melius,
902 897 988 926 non
1010 887 1209 939 tempore
1231 879 1314 923 tali

152 962 179 983 ‘⁶
199 961 361 1017 Cogere
384 959 632 1015 concilium,
656 971 795 1014 quum
816 970 963 998 muros
986 954 1150 998 assidet
1172 952 1320 996 hostis.

153 1034 179 1054 ‘⁴
200 1034 376 1076 Bellum
397 1032 716 1088 importunum,
741 1029 870 1083 cives,
894 1042 996 1069 cum
1019 1030 1150 1083 gente
1172 1025 1355 1067 deorum
1497 1021 1585 1065 305

155 1105 180 1126 “
200 1103 473 1158 Invictisque
494 1101 598 1143 viris
621 1100 827 1157 gerimus,
852 1113 959 1154 quos
981 1097 1104 1140 nulla
1124 1095 1317 1152 fatigant

157 1175 184 1196 ‘⁴
201 1175 384 1228 Proelia,
408 1187 486 1215 nee
509 1171 616 1214 victi
638 1175 821 1227 possunt
843 1169 1052 1211 absistere
1074 1167 1194 1209 ferro.

157 1247 182 1267 “
201 1247 335 1303 Spem
357 1245 392 1288 si
415 1258 547 1299 quam
572 1241 752 1284 adscitis
775 1240 987 1283 Aetolum
1008 1237 1227 1280 habuistis
1249 1236 1293 1278 in
1318 1235 1464 1290 armis,

158 1317 186 1338 ‘⁶
205 1317 362 1359 Ponite
381 1329 390 1359 :
427 1329 524 1371 spes
539 1313 620 1356 sibi
635 1313 829 1369 quisque.
867 1311 954 1354 Sed
970 1310 1078 1352 haec
1097 1323 1232 1364 quani
1250 1312 1453 1364 angusta,
1469 1306 1589 1349 vide-

159 1388 186 1408 “
206 1376 363 1431 Cetera
386 1400 472 1441 qua
496 1399 640 1427 reruni
658 1383 835 1438 jaceant
858 1381 1057 1437 perculsa
1079 1379 1219 1433 ruina,
1335 1376 1410 1432 [tis
1427 1391 1437 1432 3
1503 1378 1591 1419 310

160 1459 186 1479 ‘⁴
206 1458 325 1501 Ante
348 1457 493 1499 oculos
515 1455 717 1509 interque
739 1466 896 1494 manus
921 1455 1024 1493 sunt
1048 1449 1195 1492 omnia
1218 1454 1396 1491 vestras.

160 1531 187 1551 ‘⁴
207 1530 299 1572 Nec
322 1541 588 1584 quemquam
610 1526 788 1568 incuso:
823 1521 971 1580 potuit
996 1535 1106 1577 quae
1128 1519 1320 1577 plurima
1343 1520 1483 1562 virtus

162 1602 186 1621 ‘⁶
207 1600 329 1655 Esse,
352 1599 441 1641 fuit
461 1611 472 1652 3
511 1602 602 1640 toto
625 1600 848 1639 certatum
871 1598 938 1636 est
961 1607 1135 1649 corpore
1158 1592 1290 1648 regni.

162 1671 187 1692 ‘⁶
207 1671 339 1713 Nunc
362 1671 483 1724 adeo,
508 1683 620 1724 quae
644 1667 702 1710 sit
724 1665 883 1710 dubiae
907 1663 1127 1708 sententia
1148 1662 1302 1717 menti,

162 1743 188 1763 ‘⁴
208 1741 458 1798 Expediam
481 1745 525 1782 et
548 1737 907 1796 paucis-animos
930 1734 1352 1778 adhibete—docebo.
1509 1733 1596 1775 315

164 1814 190 1834 ‘⁶
208 1815 291 1856 Est
315 1812 525 1867 antiquus
547 1824 650 1867 ager
674 1810 818 1851 Tusco
840 1806 949 1849 1111111
971 1805 1196 1862 proximus
1219 1804 1353 1858 amni,

164 1885 190 1905 “
209 1883 386 1939 Longus
409 1882 454 1924 in
476 1895 691 1935 occasum,
715 1879 823 1921 fines
846 1891 976 1933 super
997 1889 1136 1931 usquc
1161 1875 1340 1918 Sicanos
1361 1888 1371 1928 3

166 1955 193 1975 ‘⁶
211 1952 411 1997 Aurunci
435 1951 680 2007 Rutulique
704 1953 854 1992 serunt
878 1953 922 1990 et
946 1960 1114 1990 vomere
1137 1946 1265 1988 duros

167 2025 193 2045 “
209 2025 428 2067 Exercent
451 2022 594 2077 colles,
619 2026 752 2077 atque
775 2020 932 2062 horum
955 2018 1192 2074 asperrima
1214 2022 1416 2073 pascunt.

168 2097 193 2116 ‘⁴
211 2096 333 2138 Haeo
356 2092 497 2137 onmis
519 2092 634 2149 regio
657 2098 700 2133 et
723 2090 826 2133 celsi
848 2090 979 2146 plaga
1002 2088 1131 2144 pinea
1154 2087 1315 2130 mon-tis
1511 2088 1600 2130 320

169 2167 195 2188 ‘⁶
216 2166 357 2211 Cedat
379 2163 598 2207 amicitiae
622 2162 902 2216 Teucrorum,
928 2164 972 2202 et
994 2158 1176 2201 foederis
1199 2172 1361 2214 aequas

168 2238 195 2259 “
216 2237 427 2281 Dicamus
448 2235 578 2291 leges,
604 2233 826 2288 sociosque
849 2231 893 2273 in
918 2245 1048 2286 regna
1069 2243 1298 2283 vocemus;

170 2309 196 2330 ‘⁶
218 2307 472 2361 Considant,
497 2305 533 2348 si
555 2309 708 2347 tantus
731 2317 865 2357 amor,
890 2307 934 2344 et
957 2301 1127 2343 moenia
1151 2301 1358 2344 condant.

172 2379 198 2400 ‘⁶
220 2379 295 2422 Sin
320 2378 428 2420 alios
449 2376 558 2419 fines
579 2374 796 2429 aliamque
821 2387 1040 2428 capessere
1063 2376 1242 2427 gentem

173 2449 300 2491 “Est
323 2448 512 2500 animus,
536 2449 807 2502 possuntque
831 2443 917 2485 solo
941 2443 1146 2484 decedere
1168 2446 1341 2494 nostro;
1515 2441 1540 2482 3
1575 2470 1588 2484 ι

173 2520 201 2540 “
219 2519 296 2561 Bis
318 2519 452 2561 denas
475 2516 592 2559 Italo
617 2521 819 2557 texamus
844 2513 991 2554 robore
1015 2526 1161 2566 naves,

175 2588 202 2610 “
224 2590 310 2632 Seu
334 2589 478 2645 plures
500 2586 716 2642 complere
740 2584 886 2625 valent
908 2598 916 2626 t
948 2581 1065 2636 jacet
1090 2581 1230 2623 omnis
1253 2582 1305 2623 ad
1330 2581 1493 2623 undam

1544 2440 1570 2482 Ν.)

1578 2442 1600 2482 st
