1778 2937
172 129 231 174 28
669 139 906 170 AENmDos
939 140 1025 170 Lm.
1060 139 1105 171 11.

113 249 392 307 *fTrojaque
414 263 529 292 nune
554 253 689 292 stares
713 247 967 305 Priamique
990 263 1071 291 arx
1092 247 1185 290 alta
1205 260 1404 289 maneres
1423 248 1434 290 i

262 320 388 376 Ecce,
413 334 570 362 manus
586 319 797 376 juvenem
818 319 983 361 interca
1005 323 1104 375 post
1129 323 1250 375 terga
1274 317 1523 360 revinctum

174 392 375 436 Pastor-cs
398 406 555 448 magno
573 392 630 434 ad
653 405 801 447 regem
824 390 1013 433 clamore
1035 390 1274 432 trahebant

174 464 467 519 Dardanidae,
487 463 564 519 qui
587 477 630 505 se
656 462 859 518 ignotum
881 461 1156 504 venientibus
1178 461 1305 515 ultro,

174 534 267 577 Hoc
285 535 431 591 ipsum
455 539 506 575 ut
529 538 718 575 strueret
742 532 1008 589 Trojamque
1031 532 1219 588 aperiret
1243 530 1441 586 Achivis,
1553 529 1609 572 60

173 605 426 659 obtulerat,
452 604 591 646 fidens
615 602 752 644 animi
774 608 909 658 atque
932 601 978 644 in
999 607 1242 657 utrumque
1266 606 1467 657 paratus,

172 680 259 719 Seu
282 690 447 718 versare
471 675 591 717 dolos
614 688 692 716 seu
715 678 858 715 certae
881 672 1138 715 occumbere
1159 671 1305 714 morti.

175 748 380 802 Undique
403 744 572 788 visendi
595 743 742 786 studio
766 742 957 799 Trojana
974 741 1187 799 juventus

173 816 451 861 Circumfusa
473 815 579 871 ruit,
603 818 863 870 certantque
884 813 1067 856 illudere
1088 816 1231 869 capto.

170 888 336 944 Accipe
359 901 476 929 nunc
501 885 712 929 Danaum
735 884 929 941 insidias,
953 889 1000 928 et
1016 883 1195 927 crimine
1218 884 1274 926 ab
1296 898 1384 926 uno
1552 883 1609 926 65

172 959 304 1002 Disce
326 972 488 1001 omnes.

172 1030 378 1086 Namque
400 1034 454 1072 ut
476 1032 717 1085 conspectu
738 1026 784 1069 in
806 1026 951 1070 medio
973 1027 1195 1082 turbatus,
1219 1025 1413 1081 inermis,

170 1101 384 1145 Constitit
406 1105 539 1156 atque
561 1099 697 1142 oculis
720 1098 913 1155 Phrygia
935 1087 1113 1155 agmina
1135 1097 1448 1154 circumspexit
1466 1110 1477 1151 ;

170 1172 196 1193 “
214 1172 328 1227 Heu,
341 1186 452 1228 quae
467 1185 584 1214 nunc
600 1171 734 1213 tellus
744 1172 768 1188 '²
787 1170 949 1226 inquit,
967 1169 1122 1226 “quae
1137 1183 1207 1211 me
1222 1183 1412 1225 aequora
1426 1172 1610 1225 possunt

171 1242 198 1263 “
217 1243 444 1299 Accipere,
470 1248 549 1284 aut
573 1241 679 1297 quid
695 1241 792 1297 jam
813 1240 968 1283 misero
991 1241 1101 1282 mihi
1122 1240 1311 1296 denique
1335 1244 1488 1295 restat,
1544 1236 1604 1282 '70

172 1313 198 1335 “
219 1314 302 1357 Cui
326 1328 465 1370 neque
488 1314 608 1370 apud
632 1313 809 1355 Danaos
831 1326 1022 1368 usquam
1043 1312 1178 1367 locus,
1203 1316 1248 1353 et
1275 1325 1404 1367 super
1425 1310 1511 1366 ipsi

160 1385 199 1444 .“
221 1385 500 1427 Dardanidae
522 1384 679 1426 infensi
701 1398 861 1440 poenas
884 1397 985 1425 cum
1008 1382 1220 1439 sanguine
1245 1386 1433 1438 poscunt
1453 1383 1473 1424 Ρ
1493 1382 1516 1399 ”

171 1455 267 1508 Quo
291 1456 459 1511 gemitu
482 1454 675 1497 conversi
697 1453 850 1509 animi,
875 1467 1147 1509 compressus
1169 1457 1213 1494 et
1236 1451 1377 1494 omnis

170 1526 386 1582 Impetus.
451 1525 697 1567 Hortamur
718 1524 815 1579 fari,
840 1538 925 1579 quo
949 1523 1160 1580 sanguine
1184 1528 1345 1578 cretus,

171 1596 340 1650 Quidve
362 1596 502 1650 ferat,
537 1599 766 1650 memoret,
791 1608 903 1650 quae
926 1594 984 1637 sit
1005 1593 1167 1636 fiducia
1190 1599 1331 1650 capto.
1547 1591 1604 1638 '75

169 1670 251 1712 Ille
273 1670 394 1726 haec,
419 1669 618 1726 deposita
640 1669 823 1711 tandem
844 1667 1089 1723 formidine,
1112 1667 1260 1712 fatur:

171 1740 198 1760 ‘⁶
219 1740 392 1784 Cuncta
413 1740 616 1796 equidem
638 1739 736 1796 tibi,
761 1754 850 1795 rex,
873 1739 1007 1794 fuerit
1029 1739 1351 1796 quodcumque,
1377 1738 1546 1782 fatebor

170 1811 197 1832 ‘⁶
215 1812 366 1855 Vera''
388 1811 550 1868 inquit,
576 1810 759 1867 “neque
781 1825 850 1853 me
874 1810 1082 1867 Argolica
1104 1810 1158 1853 de
1181 1816 1312 1867 gente
1335 1811 1528 1867 negabo:

172 1882 197 1904 ¹‘
217 1878 312 1925 Hoc
329 1882 525 1938 primum
542 1895 553 1936 3
588 1895 680 1936 nec,
705 1881 741 1924 si
761 1881 971 1924 miserum
993 1881 1192 1923 Fortuna
1216 1880 1424 1924 Sinonem

170 1951 197 1972 ‘⁴
215 1951 391 2005 Finxit,
416 1965 581 1993 vanum
604 1949 739 1993 etiam
762 1951 1105 2006 mendacemque
1126 1950 1326 2007 improba
1347 1950 1497 2008 finget.
1548 1951 1607 1994 80

170 2023 203 2044 “
224 2022 376 2065 Fando
399 2021 578 2078 aliquod
601 2021 636 2064 si
657 2021 768 2064 sorte
790 2025 892 2064 tuas
914 2021 1114 2078 pervenit
1137 2022 1194 2064 ad
1217 2036 1342 2065 aures

171 2093 198 2114 “
219 2093 400 2135 Belidae
424 2108 581 2135 nomon
605 2092 856 2134 Palamedis
879 2098 923 2134 et
945 2092 1112 2148 inclyta
1133 2092 1253 2134 sama

174 2164 197 2185 ‘⁶
218 2164 380 2219 Gloria,
406 2178 539 2220 quem
559 2163 669 2206 falsa
691 2163 772 2205 sub
795 2163 1039 2219 proditione
1064 2163 1238 2220 Pelasgi

171 2235 196 2256 ‘⁶
217 2236 447 2277 Insontem
469 2235 647 2277 infando
669 2233 842 2289 indicio,
868 2234 974 2290 quia
994 2234 1110 2276 bella
1133 2235 1328 2290 vetabat,

171 2306 196 2326 “
219 2306 440 2348 Demisere
466 2305 575 2360 neci,
599 2319 717 2347 nunc
741 2319 914 2348 cassum
937 2305 1104 2348 lumine
1126 2305 1279 2362 lugent
1300 2318 1310 2349 2
1547 2305 1604 2350 85

170 2376 197 2398 “
218 2376 291 2419 Illi
313 2391 383 2419 me
406 2377 679 2419 comitem.et
702 2376 1084 2433 consanguinitate
1108 2375 1406 2433 propinquum

172 2447 198 2468 “
219 2447 393 2504 Pauper
414 2447 459 2490 in
482 2462 604 2490 arma
626 2454 753 2504 pater
774 2448 926 2504 primis
948 2448 1035 2490 huc
1058 2447 1178 2490 misit
1201 2447 1256 2489 ab
1279 2446 1418 2490 annis.

171 2518 197 2538 “
217 2518 338 2561 Dum
361 2519 509 2562 stabat
527 2533 658 2575 regno
680 2518 911 2562 incolumis
933 2532 1173 2575 regumque
1196 2518 1372 2574 vigebat

171 2588 196 2610 “
218 2589 423 2633 Conciliis
441 2604 454 2645 5
489 2594 534 2632 et
556 2603 633 2632 nos
655 2589 832 2645 aliquod
854 2603 1099 2645 nomenque
1122 2588 1340 2645 decusque
