1778 2937
176 140 207 185 4
691 145 924 178 AENEIDos
955 145 1041 176 Lm.
1076 144 1104 176 1.

177 260 430 305 Venturum
452 258 620 302 excidio
642 257 806 314 Libyae
825 270 835 300 :
871 255 932 299 sic
948 254 1118 297 volvere
1142 253 1315 296 Parcas.

179 333 235 376 Id
256 337 462 375 metuens
483 329 732 385 veterisque
755 342 923 370 memor
948 324 1156 370 Saturnia
1177 324 1295 380 belli,

181 403 330 447 Prima
351 401 468 459 quod
490 401 547 444 ad
571 399 748 456 Trojam
769 413 848 455 pro
871 398 980 440 caris
1001 401 1194 454 gesserat
1217 394 1410 452 Argis—-

181 475 274 518 Nec
297 475 405 517 dum
427 473 564 515 etiam
587 485 745 514 causae
767 470 933 513 irarum
956 467 1159 524 saevique
1181 467 1349 510 dolores

181 545 451 589 Exciderant
473 543 620 586 animo
639 556 651 597 ;
686 546 837 583 manet
859 540 954 582 alta
976 544 1124 581 mente
1142 543 1368 595 repostum

182 617 412 661 Judicium
436 614 608 658 Paridis
631 618 887 670 spretaeque
909 608 1075 667 injuria
1096 609 1276 665 formae,

183 689 243 731 Et
266 702 402 745 genus
423 686 628 740 invisum,
653 688 698 726 et
721 682 838 739 rapti
861 680 1133 736 Ganymedis
1155 680 1359 724 honores:
1375 717 1409 723 r„

183 760 266 802 His
288 772 468 801 accensa
490 769 633 812 super,
652 754 846 811 jactatos
868 766 1054 808 aequore
1076 756 1170 814 toto

184 831 332 885 Troas,
356 828 560 884 reliquias
583 826 795 870 Danaum
817 829 953 881 atque
974 823 1161 866 immitis
1183 823 1366 880 Achilli,

183 901 377 945 Arcebat
397 900 525 957 longe
547 897 678 941 Latio
696 910 708 952 3
741 896 992 952 mult-osque
1014 910 1092 952 per
1112 909 1249 938 annos

184 972 405 1015 Errabant
428 969 520 1013 acti
539 968 646 1012 fatis
667 967 807 1011 maria
828 966 977 1010 omnia
998 965 1177 1010 circum.

186 1043 359 1085 Tantae
382 1040 509 1084 molis
531 1044 626 1082 erat
648 1039 898 1082 Romanam
920 1038 1103 1080 condere
1126 1043 1316 1095 gentem.

276 1112 368 1156 Vix
389 1127 412 1155 e
436 1116 674 1168 conspectu
699 1110 870 1154 Siculae
893 1109 1061 1152 telluris
1083 1109 1129 1151 in
1151 1109 1296 1152 altum

192 1184 300 1228 Vela
321 1184 490 1227 dabant
512 1182 621 1226 laeti
643 1186 688 1225 et
711 1195 892 1239 spumas
916 1180 1019 1224 salis
1041 1195 1137 1223 aere
1160 1181 1361 1236 ruebant,

188 1257 336 1311 Quum
358 1255 390 1299 J
392 1270 495 1311 uno,
519 1259 746 1297 aeternum
768 1266 942 1296 servans
965 1252 1046 1295 sub
1069 1257 1244 1309 pectore
1265 1251 1442 1305 vulnus,

187 1327 312 1370 Haec
336 1341 485 1370 secum
504 1341 514 1370 :
552 1325 579 1346 “
598 1324 728 1368 Mene
749 1324 925 1381 incepto
947 1323 1156 1367 desistere
1177 1323 1357 1380 victam,

190 1398 219 1420 “
237 1397 281 1441 N
284 1412 330 1441 ec
353 1411 477 1455 posse
501 1396 637 1440 Italia
660 1396 930 1438 Teucrorum
952 1403 1148 1438 avertere
1171 1409 1316 1453 regem
1339 1395 1360 1439 Ρ

190 1469 218 1490 “
238 1469 410 1526 Quippe
431 1473 555 1512 vetor
574 1467 691 1512 fatis
757 1467 963 1510 Pallasne
986 1481 1162 1510 exurere
1185 1467 1369 1511 classem

191 1540 218 1562 “
236 1540 453 1597 Argivum
475 1543 609 1595 atque
630 1538 747 1596 ipsos
769 1537 918 1594 potuit
941 1537 1214 1594 submergere
1237 1543 1392 1594 ponto.

191 1611 217 1632 ‘⁴
237 1610 384 1654 Unius
407 1610 459 1653 ob
482 1623 644 1652 noxam
666 1614 712 1651 et
733 1608 868 1651 furias
890 1607 1041 1664 Ajacis
1067 1606 1183 1652 Oilei
1205 1609 1226 1652 ?

190 1681 216 1702 ‘⁴
236 1681 353 1737 Ipsa,
376 1679 408 1723 J
412 1679 502 1723 ovis
525 1678 727 1736 rapidum
743 1677 943 1735 jaculata
965 1692 988 1720 e
1008 1678 1201 1721 nubibus
1222 1678 1385 1736 ignem,

191 1751 218 1772 ‘⁴
238 1749 509 1807 Disjecitque
533 1755 647 1792 rates
671 1748 918 1804 evertitque
941 1762 1129 1804 aequora
1149 1749 1293 1792 ventis
1314 1763 1324 1804 ;

193 1824 218 1842 “
239 1821 375 1864 Illum
397 1820 696 1878 exspirantem
718 1819 930 1861 transfixo
951 1824 1128 1875 pectore
1149 1818 1353 1862 flammas

192 1893 218 1913 “
240 1891 435 1934 Turbine
458 1889 679 1946 corripuit,
704 1889 968 1945 scopuloque
989 1889 1137 1932 infixit
1159 1894 1303 1933 acuto.
1331 1927 1346 1936 ,1

193 1964 219 1984 “
239 1963 327 2006 Ast
349 1976 441 2019 ego,
466 1976 577 2018 quae
600 1961 755 2003 divum
778 1960 931 2003 incedo
954 1960 1117 2018 regina,
1141 1960 1173 2004 J
1176 1961 1354 2018 ovisque

194 2034 221 2055 ‘⁴
240 2034 303 2076 Et
326 2047 443 2077 soror
463 2036 507 2075 et
531 2030 706 2087 conjux,
730 2046 820 2073 una
843 2045 946 2074 cum
967 2036 1098 2088 gente
1120 2037 1188 2074 tot
1205 2047 1346 2082 ‚annos

195 2105 223 2126 “
244 2103 368 2147 Bella
389 2117 489 2160 gero
510 2103 531 2146 P
597 2101 660 2144 Et
682 2101 917 2158 quisquam
938 2115 1103 2144 num-en
1124 2101 1156 2145 J
1159 2103 1316 2146 unonis
1337 2103 1490 2147 adorat.

195 2176 221 2197 ‘⁶
241 2176 490 2231 Praeterea,
514 2178 594 2217 aut
616 2173 805 2231 supplex
827 2173 914 2216 aris
935 2172 1136 2230 imponet
1157 2173 1365 2217 honorem
1385 2177 1406 2219 Ρ
1424 2177 1448 2194 ”

196 2247 322 2290 Talia
342 2246 571 2290 flammato
594 2259 744 2288 secum
766 2243 847 2287 dea
870 2244 995 2287 corde
1017 2244 1224 2288 volutans

196 2318 461 2361 Nimborum
481 2317 528 2360 in
550 2315 755 2374 patriam,
777 2315 873 2358 loca
894 2315 986 2358 feta
1006 2314 1467 2374 furentibus'Austris,

160 2406 165 2409 ⁷
197 2388 397 2432 Aeoliam
417 2388 550 2431 venit.
615 2387 702 2430 Hic
724 2390 850 2430 vasto
872 2400 949 2429 rex
970 2386 1135 2431 Aeolus
1157 2393 1283 2431 antro

197 2459 440 2504 Luctantes
461 2463 616 2502 ventos
638 2462 1014 2521 tempestatesque
1038 2472 1210 2502 sonoras

198 2529 386 2588 Imperio
408 2529 585 2587 premit,
609 2543 659 2572 ac
678 2517 834 2571 ¹vinclis
856 2533 900 2572 et
924 2543 1091 2572 carcere
1111 2530 1268 2575 frenat.

200 2601 271 2644 tui
291 2601 589 2659 indignantes,
615 2614 774 2657 magno
797 2615 896 2642 cum
921 2615 1145 2644 murmure
1167 2602 1342 2659 montis,

1561 466 1620 510 25

1565 823 1624 867 30

1565 1182 1624 1225 35

1567 1536 1628 1581 40

1569 1861 1641 1937 45¹

1573 2248 1632 2293 50

1574 2607 1632 2651 55
