1741 2902
632 154 859 184 AENEIDOS
892 154 975 185 LIB.
1012 155 1054 185 X.

144 262 433 319 Assaracique
455 262 541 305 duo
563 267 608 304 et
630 261 770 305 senior
791 276 893 304 cum
916 261 1094 306 Castore
1120 261 1355 317 Thymbris

143 334 293 376 Prima
315 334 428 376 acies
444 348 455 388 3
488 333 566 376 hos
588 333 782 390 germani
807 334 1066 390 Sarpedonis
1089 334 1218 376 ambo

141 405 203 447 Et
228 405 380 464 Clarus
402 410 446 447 et
470 405 667 447 Themon
690 403 825 460 Lycia
848 405 1117 447 comitantur
1139 405 1194 446 ab
1218 404 1321 448 alta.

140 476 246 518 Fert
269 477 420 532 ingens
444 480 537 518 toto
561 476 771 518 connixus
794 490 965 531 corpore
989 489 1160 530 saxum,

141 547 274 589 Haud
298 552 467 603 partem
490 547 696 603 exiguam
719 547 894 601 montis,
920 546 1156 602 Lyrnesius
1179 546 1364 601 Acmon,

140 619 230 661 Nec
256 619 400 674 Clytio
422 619 613 675 genitore
638 619 789 674 minor,
814 633 891 660 nec
914 619 1045 660 fratre
1069 618 1334 660 Menestheo.

142 689 201 731 Hi
218 689 389 744 jaculis,
414 690 478 731 illi
501 695 670 731 certant
693 689 922 732 defendere
947 688 1079 743 saxis,

140 761 370 816 Molirique
392 761 551 817 ignem,
575 775 791 816 nervoque
815 766 968 816 aptare
993 760 1187 816 sagittas.

140 831 240 886 Ipse
262 831 377 872 inter
398 830 572 884 medios,
599 830 782 872 Veneris
799 830 1043 885 justissima
1065 845 1183 884 cura,

140 901 388 944 Dardanius
410 906 561 957 caput,
579 915 689 955 ecce,
714 915 821 956 puer
842 901 1042 943 detectus
1064 901 1314 956 honestum,

139 971 289 1025 Qualis
311 985 497 1027 gemma,
522 971 670 1022 micat,
693 970 867 1012 fulvum
889 984 1001 1025 quae
1025 970 1183 1012 dividit
1208 985 1378 1026 aurum,

137 1043 233 1085 Aut
254 1042 361 1084 00110
383 1042 513 1084 decus
535 1046 614 1083 aut
637 1041 787 1096 capiti,
812 1040 881 1082 vel
898 1041 1026 1096 quale
1049 1056 1127 1097 per
1148 1046 1287 1084 artem

137 1113 362 1156 Inclusum
384 1113 514 1167 buxo,
539 1116 617 1153 aut
644 1111 793 1155 Oricia
817 1112 1077 1167 terebintho,

136 1184 274 1227 Lucet
297 1185 427 1238 ebur3
460 1183 578 1226 fusos
600 1183 744 1225 cervix
766 1184 836 1226 cui
860 1183 1000 1226 lactea
1022 1182 1159 1226 crines

135 1254 311 1310 Accipit
333 1259 377 1297 et
398 1253 519 1296 molli
541 1254 803 1296 subnectens
827 1253 1016 1296 circulus
1039 1268 1155 1297 auro.

137 1324 199 1367 Te
222 1338 393 1380 quoque
414 1323 722 1380 magnanimae
743 1324 961 1379 viderunt,
987 1324 1171 1377 Ismare,
1197 1328 1349 1380 gentes

135 1395 332 1438 Vulnera
354 1395 535 1452 dirigere
559 1400 604 1437 et
628 1395 817 1446 calamos
837 1409 1006 1437 armare
1028 1410 1210 1451 veneno,

136 1465 335 1508 Maeonia
357 1480 559 1522 generose
582 1466 721 1512 domo,
747 1465 823 1507 ubi
844 1464 1025 1521 pinguia
1048 1465 1169 1507 culta

135 1536 442 1592 Exercentque
464 1536 558 1591 viri,
584 1536 871 1591 Pactolosque
895 1536 1046 1591 irrigat
1068 1550 1183 1579 auro,

135 1606 297 1648 Adfuit
319 1612 363 1648 et
387 1606 656 1660 Mnestheus,
681 1620 811 1661 quem
833 1605 949 1661 pulsi
971 1605 1155 1661 pristina
1178 1604 1318 1646 Turni

136 1675 308 1732 Aggere
330 1690 554 1718 murorum
576 1675 809 1718 sublimem
832 1674 966 1731 gloria
988 1674 1121 1730 tollit,
1152 1687 1163 1696 ·

135 1745 197 1789 Et
221 1746 390 1802 Capys:
424 1747 524 1789 hinc
550 1761 710 1789 nomen
734 1746 986 1803 Campanae
1009 1747 1184 1789 ducitur
1204 1747 1313 1790 urbi.

225 1816 300 1859 Illi
321 1817 435 1860 inter
456 1831 546 1860 sese
569 1817 666 1860 duri
688 1818 925 1860 certamina
945 1817 1051 1860 belli

137 1887 425 1931 Contulerant
441 1903 452 1942 ;
485 1888 631 1931 media
653 1888 827 1931 Aeneas
849 1888 962 1931 freta
984 1885 1112 1931 nocte
1136 1888 1324 1931 secabat.

136 1958 340 2015 Namque
361 1964 414 2002 ut-
436 1959 491 2001 ab
512 1959 715 2002 Evandro
738 1960 890 2002 castris
911 1959 1128 2016 ingressus
1150 1959 1365 2013 Etruscis,

137 2031 301 2086 Regem
322 2030 415 2072 adit
437 2035 481 2073 et
506 2030 596 2086 regi
617 2035 830 2073 memorat
853 2045 1098 2086 nomenque
1120 2045 1359 2087 genusque,

138 2099 305 2152 Quidve
327 2104 453 2155 petat
477 2100 635 2155 quidve
656 2100 748 2156 ipse
770 2100 881 2142 ferat
897 2114 908 2154 3
944 2100 1190 2143 Mezentius
1212 2115 1333 2142 arma

139 2171 260 2222 Quae
283 2169 365 2212 sibi
386 2170 600 2225 conciliet,
623 2170 901 2226 violentaque
923 2176 1100 2226 pectora
1123 2170 1261 2212 Turni

139 2240 305 2282 Edocet
323 2253 334 2292 ;
368 2239 572 2281 humanis
595 2254 706 2295 quae
729 2240 787 2281 sit
808 2239 970 2282 fiducia
992 2240 1118 2282 rebus

1481 139 1568 181 223

1478 329 1566 372 125

1475 687 1561 729 130

1471 1043 1558 1086 135

1472 1394 1558 1437 140

1470 1745 1556 1790 145

1472 2102 1557 2144 150

139 2310 362 2352 Admonet
384 2308 686 2364 immiscetque
709 2323 866 2365 preces.
931 2308 1065 2351 Haud
1086 2309 1138 2351 fit
1161 2323 1304 2352 mora:
1342 2309 1543 2352 Tarchon

139 2380 169 2422 J
173 2380 301 2436 ungit
324 2394 438 2436 opes,
462 2380 697 2435 foedusque
719 2379 819 2422 ferit
839 2393 850 2433 3
884 2385 980 2422 tum
1004 2380 1138 2422 libera
1158 2380 1240 2423 fati

141 2450 338 2493 Classem
359 2450 610 2493 conscendit
626 2449 758 2505 jussis
780 2463 886 2506 gens
908 2449 1048 2505 Lydia
1070 2450 1236 2505 divum,

139 2520 336 2564 Externo
358 2521 588 2564 commissa
609 2520 722 2564 duci.
787 2520 955 2563 Aene'i'a
976 2521 1139 2577 puppis

143 2590 292 2634 Prima
313 2596 450 2647 tenet,
475 2597 609 2635 rostro
632 2591 846 2648 Phrygios
870 2590 1103 2648 subjuncta
1123 2591 1267 2635 leones
1287 2605 1298 2646 ;

1473 2452 1557 2495 155
