1731 2923
613 138 844 168 AENEIDos
876 139 961 170 LIB.
997 140 1043 170 11.
1488 130 1544 172 49

112 245 426 302 Nequidquam
444 245 719 302 ingeminans
736 247 987 303 iterumque
1003 247 1252 303 iterumque
1271 247 1433 291 vocavi.
1457 246 1546 292 770

112 317 348 371 Quaerenti
370 322 414 359 et
436 317 567 360 tectis
590 317 707 360 urbis
731 318 822 359 sine
845 317 931 359 fine
953 317 1130 372 furenti,

110 388 274 430 Infelix
297 388 581 431 simulacrum
604 393 738 444 atque
760 388 897 445 ipsius
920 389 1078 431 umbra
1103 389 1292 432 Creusae

110 460 221 502 Visa
242 459 353 502 mihi
373 465 478 502 ante
500 459 645 502 oculos
668 465 712 501 et
734 465 840 502 nota
861 459 997 516 major
1018 460 1183 517 imago-

113 530 352 587 Obstupui‚
376 535 684 586 steteruntque
708 545 854 573 comae
877 536 921 573 et
943 545 1026 573 vox
1048 531 1249 574 faucibus
1272 531 1451 586 haesit-7

108 601 225 643 Tum
248 601 306 644 sic
330 601 455 644 affari
477 606 520 644 et
545 616 672 644 curas
694 601 761 644 his
784 602 957 645 demere
980 601 1137 645 dictis:
1457 600 1543 646 775

108 669 136 693 ‘²
159 672 275 726 Quid
297 678 477 715 tantum
497 674 650 715 insano
667 672 797 729 juvat
819 673 1044 730 indulgere
1067 672 1217 728 dolori,

107 743 133 763 “
154 743 191 786 O
215 743 354 786 dulcis
377 743 537 799 conjux
554 744 575 786 P
611 758 698 786 non
719 743 826 786 haec
849 743 940 786 sine
964 743 1143 785 numine
1166 743 1321 785 divum

107 813 135 834 “
151 813 379 856 Eveniunt
399 828 524 868 ;‘nec
547 819 593 856 te
616 814 823 856 comitem
845 814 947 857 hine
970 820 1144 871 portare
1170 814 1380 857 Creusam

108 883 136 903 ‘⁶
155 883 257 939 Fas,
283 889 362 926 aut
384 884 458 926 ille
482 884 586 926 sinit
610 884 757 940 superi
779 889 984 941 regnator
1008 884 1200 941 Olympi.

105 954 132 974 ‘⁴
148 954 301 1011 Longa
318 954 401 996 tibi
418 954 586 1010 exsilia,
602 959 646 996 et
662 960 840 997 vastum
857 955 989 1015 maris
1007 969 1166 1010 aequor
1182 956 1398 998 arandum
1417 971 1427 1010 3
1452 954 1541 1000 780

103 1025 132 1045 “
151 1025 213 1067 Et
235 1030 400 1067 terram
423 1024 682 1081 Hesperiam
704 1025 863 1080 venies,
887 1025 965 1067 ubi
987 1025 1153 1081 Lydius
1176 1040 1280 1068 arva

102 1094 130 1116 “
149 1094 278 1138 Inter
300 1095 445 1152 opima
466 1095 611 1137 virum
632 1095 721 1138 leni
743 1095 844 1138 fluit
866 1095 1041 1150 agmine
1066 1095 1267 1152 Thybris.

102 1165 129 1187 “
146 1166 244 1209 Illic
268 1181 333 1209 res
357 1166 499 1209 laetae
521 1180 792 1223 regnumque
815 1171 859 1209 et
881 1166 997 1223 regia
1019 1166 1180 1223 conjux

102 1237 130 1258 “
148 1236 286 1280 Parta
307 1237 416 1281 tibi:
451 1237 653 1280 lacrimas
675 1237 862 1280 dilectae
884 1238 997 1294 pelle
1022 1237 1223 1281 Creusae.

105 1308 132 1329 “
146 1309 247 1351 Non
269 1323 347 1366 ego
370 1309 697 1366 Myrmidonum
720 1309 842 1352 sedes
866 1309 1140 1365 Dolopumve
1163 1309 1370 1366 superbas
1450 1307 1538 1354 785

101 1379 128 1401 ‘⁶
146 1380 418 1437 Adspiciam⁷
442 1385 522 1422 aut
546 1380 692 1424 Graiis
717 1380 930 1423 servitum
952 1380 1171 1423 matribus
1192 1380 1278 1436 1110,

83 1452 127 1503 ,“
148 1451 368 1495 Dardanis
390 1457 434 1494 et
456 1452 583 1494 divae
607 1452 789 1494 Veneris
811 1467 948 1495 nurus
965 1467 976 1506 3

100 1522 128 1544 ‘⁶
149 1523 234 1566 Sed
255 1537 325 1565 me
346 1537 507 1579 magna
529 1523 664 1565 deum
688 1522 902 1565 Genetrix
925 1523 991 1565 his
1014 1523 1183 1565 detinet
1206 1523 1300 1565 oris.

29 1591 33 1596 ’
86 1593 128 1630 ,“
144 1593 340 1649 Jamque
363 1593 472 1648 vale,
496 1598 540 1635 et
562 1593 657 1635 nati
680 1608 801 1635 serva
824 1593 1068 1635 communis
1091 1594 1322 1636 amorem.”

98 1664 220 1707 Haeo
244 1664 321 1706 ubi
342 1663 463 1707 dicta
484 1663 621 1719 dedit,
645 1663 948 1706 lacrimantem
972 1668 1015 1706 et
1039 1664 1183 1706 multa
1206 1664 1424 1706 volentem
1447 1662 1535 1708 790

100 1735 256 1777 Dicere
279 1734 486 1790 deseruit,
512 1739 755 1790 tenuesque
778 1734 954 1777 recessit
980 1734 1026 1776 in
1048 1749 1188 1778 auras.

97 1805 182 1855 Ter
204 1809 389 1847 conatus
411 1805 473 1847 ibi
495 1804 603 1847 00110
625 1805 727 1847 dare
749 1805 926 1847 brachia
948 1805 1127 1860 circum,

97 1876 183 1917 Ter
206 1875 369 1918 frustra
392 1890 644 1931 comprensa
666 1890 826 1918 manus
849 1875 1005 1932 effugit
1026 1876 1185 1932 imago,

99 1946 186 1989 Par
207 1946 377 1989 levibus
398 1945 541 1989 ventis
563 1946 814 2003 volucrique
837 1945 1061 1989 simillima
1083 1961 1244 1990 somno.

97 2017 168 2061 Sic
191 2018 372 2060 demum
395 2017 529 2060 socios
551 2023 784 2060 consumta
806 2023 934 2060 nocte
958 2017 1106 2061 reviso.
1444 2016 1532 2063 795

185 2088 339 2145 Atque
362 2089 432 2131 hie
455 2089 682 2146 ingentem
705 2088 920 2131 comitum
942 2088 1163 2131 affluxisse
1185 2103 1396 2131 novorum

94 2158 275 2201 Invenio
296 2160 515 2201 admirans
537 2174 785 2214 numerum,
810 2164 1059 2215 matresque
1081 2159 1295 2215 viresque,

97 2230 340 2273 Collectam
364 2231 516 2273 exsilio
538 2231 716 2287 pubem,
740 2230 983 2272 miserabile
1007 2231 1175 2286 vulgus.

95 2301 307 2357 Undique
331 2315 567 2343 convenere
590 2299 749 2342 animis
771 2299 1014 2355 opibusque
1038 2299 1197 2355 parati,

94 2371 150 2413 In
172 2386 470 2428 quascumque
493 2371 624 2413 velim
646 2370 800 2426 pelago
822 2370 1036 2412 deducere
1059 2374 1209 2412 terras.
1441 2369 1530 2412 800

92 2443 286 2500 Jamque
303 2444 420 2501 jugis
443 2457 639 2486 summae
664 2442 869 2498 surgebat
892 2440 1070 2484 Lucifer
1091 2440 1198 2483 Idae

95 2513 386 2571 Dueebatque
409 2514 526 2557 diem
547 2529 558 2569 ;
595 2513 828 2569 Danaique
850 2513 1023 2555 obsessa
1045 2511 1256 2555 tenebant

94 2584 273 2628 Limina
295 2592 535 2643 portarum,
558 2600 637 2628 nee
662 2599 757 2641 spes
781 2584 873 2641 opis
894 2584 986 2626 ulla
1008 2584 1223 2628 dabatur:

96 2655 216 2699 Cessi
237 2661 282 2699 et
305 2657 476 2753 sublaqto
498 2661 671 2699 montes
692 2655 887 2713 genitore
910 2654 1091 2712 petivi.”
