1731 2923
618 134 847 163 AENEIDos
880 135 967 164 1113.
1003 135 1064 165 vr.
1478 126 1500 166 1
1511 126 1568 168 33

141 239 230 284 Hos
246 241 378 297 juxta
398 241 506 284 falso
529 241 728 284 damnati
751 242 930 284 crimine
953 242 1116 286 mortis.
1481 244 1570 287 430

139 312 179 354 N
183 327 229 354 ec
252 327 350 355 vero
371 313 452 354 hae
474 313 565 355 sine
587 318 699 355 sorte
722 313 866 368 datae,
891 313 983 356 sine
999 313 1164 370 judice,
1189 315 1336 358 sedes:

138 383 369 437 Quaesitor
391 384 535 427 Minos
557 399 714 426 urnam
737 390 883 427 movet
903 399 914 440 3
947 385 1021 427 ille
1056 386 1269 428 silentum

138 455 469 511 Conciliumque
491 461 632 512 vocat,
658 456 856 512 vitasque
880 462 923 499 et
947 456 1133 500 crimina
1156 458 1297 502 discit.

228 525 434 568 Proxima
456 526 612 569 deinde
634 531 787 569 tenent
809 528 968 570 maesti
989 528 1096 584 loca,
1121 529 1197 585 qui
1222 528 1303 571 sibi
1324 530 1464 572 letum

139 596 340 640 Insontes
363 611 565 653 peperere
587 612 736 653 manu,
760 599 993 655 lucemque
1016 600 1156 656 perosi
1480 601 1570 645 435

139 667 358 723 Projecere
381 669 561 712 animas.
629 670 772 723 Quam
794 671 958 713 vellent
982 672 1156 714 aethere
1179 672 1225 714 in
1248 673 1338 715 alto

138 737 269 780 Nunc
293 744 337 780 et
361 740 616 796 pauperiem
639 746 683 782 et
706 741 834 783 duros
857 742 1044 797 perferre
1067 743 1233 785 labores
1256 746 1266 787 1

142 809 226 851 Fas
249 810 408 865 obstat,
434 810 637 866 tristique
660 812 787 867 palus
809 812 1058 856 inamabilis
1080 815 1200 856 unda

142 878 323 935 Alligat,
349 885 392 922 et
415 881 560 923 novies
585 882 697 937 Styx
718 882 932 925 interfusa
954 888 1134 927 coercet.

227 950 270 991 N
275 965 321 992 ec
339 951 490 1007 procul
507 951 606 993 hinc
624 957 798 1007 partem
813 953 901 995 fusi
918 941 1220 997 monstrantur
1234 955 1279 997 in
1295 970 1468 998 omnem
1481 956 1570 999 440

139 1020 359 1076 Lugentes
383 1022 528 1077 campi
548 1036 558 1065 t
595 1022 654 1064 sic
677 1022 772 1065 illos
794 1023 967 1065 nomine
991 1024 1157 1068 dicunt.

138 1091 238 1146 Hic,
264 1105 371 1147 qnos
393 1092 528 1134 durus
550 1107 670 1135 amor
692 1093 857 1135 erudeli
878 1094 981 1136 tabe
1004 1095 1188 1151 peredit,

139 1162 306 1205 Secreti
327 1163 473 1206 celant
497 1164 640 1219 calles,
666 1170 710 1206 et
732 1170 903 1220 myrtea
925 1165 1090 1208 circum

139 1233 258 1277 Silva
281 1234 419 1291 tegit:
455 1249 582 1277 curae
605 1250 694 1278 non
716 1236 812 1292 ipsa
833 1236 881 1278 in
904 1243 1043 1280 morte
1067 1238 1335 1294 relinquunt.
1480 1238 1570 1281 444

80 1294 89 1297 ³
138 1304 222 1347 His
246 1305 492 1348 Phaedram
517 1306 801 1362 Procrimque
823 1307 928 1350 locis
951 1314 1254 1365 maestamque
1278 1309 1535 1367 Eriphylen,

139 1375 336 1419 Crudelis
358 1377 454 1419 nati
475 1382 798 1420 monstrantem
819 1379 1013 1435 vulnera,
1040 1381 1192 1436 cernit,
1481 1382 1568 1425 446

137 1446 436 1502 Evadnenque
459 1452 504 1489 et
527 1446 782 1503 Pasiphaen
802 1461 814 1502 ;
850 1447 915 1490 his
936 1448 1178 1492 Laodamia

138 1517 183 1558 It
208 1531 362 1572 comes,
387 1523 431 1560 et
448 1517 621 1574 juvenis
643 1520 879 1574 quondam,
904 1535 1020 1562 nunc
1043 1521 1218 1578 femina,
1245 1523 1457 1579 Caeneus,

138 1588 304 1630 Rursus
326 1594 371 1631 et
394 1588 441 1630 in
463 1594 655 1631 veterem
676 1589 768 1632 fato
790 1591 988 1633 revoluta
1010 1592 1206 1648 figuram.

139 1658 262 1701 Inter
283 1674 392 1715 quas
416 1660 654 1703 Phoenissa
678 1676 824 1704 recens
847 1677 872 1704 a
894 1663 1071 1705 vulnere
1097 1663 1212 1706 Dido
1475 1666 1565 1709 450

137 1729 325 1772 Errabat
348 1730 455 1773 silva
476 1731 522 1773 in
544 1745 732 1788 magna:
768 1747 903 1789 quain
928 1733 1083 1777 Troius
1106 1735 1228 1777 heros

139 1799 205 1842 Ut
227 1801 419 1856 primum
437 1801 570 1857 juxta
594 1802 719 1845 stetit
742 1804 1008 1859 agnovitque
1031 1820 1107 1861 per
1128 1807 1330 1848 umbram

138 1871 395 1928 Obscuram,
421 1873 598 1928 qualem
619 1873 760 1929 primo
782 1875 860 1930 qui
882 1890 1052 1932 surgere
1074 1891 1221 1919 11101180

137 1943 233 1986 Aut
255 1943 377 1986 videt
399 1949 477 1986 aut
499 1945 659 1988 vidisse
682 1950 815 2002 putat
837 1961 918 2003 per
939 1947 1090 1990 nubila
1111 1948 1264 1990 lunam
1284 1961 1296 2003 3

138 2014 331 2058 Demisit
352 2015 568 2072 lacrimas,
592 2017 797 2073 dulcique
821 2017 984 2061 affatus
1007 2034 1152 2062 amore
1175 2025 1265 2063 est:
1480 2019 1569 2065 455

141 2085 168 2107 “
187 2086 349 2128 Infelix
371 2086 501 2142 Dido,
526 2103 654 2130 verus
674 2087 785 2130 mihi
806 2088 990 2132 nuntius
1014 2103 1114 2146 ergo

139 2157 167 2178 ‘⁴
186 2157 378 2199 Venerat
401 2158 669 2200 exstinctam
689 2158 883 2214 ferroque
906 2165 1105 2202 extrema
1128 2166 1326 2203 secutam
1344 2165 1366 2204 Ρ

139 2228 166 2249 ‘⁴
184 2228 371 2271 Funeris
392 2228 480 2271 11011
501 2228 586 2271 tibi
607 2243 738 2271 causa
759 2229 825 2271 fui
838 2230 860 2272 Ρ
926 2230 1013 2272 Per
1035 2231 1174 2273 sidera
1191 2231 1303 2286 juro,

140 2299 165 2319 ‘⁴
183 2299 269 2341 Per
291 2313 482 2354 superos,
506 2303 551 2341 et
573 2298 610 2341 si
630 2313 718 2354 qua
739 2299 846 2341 fides
868 2299 1023 2341 tellure
1047 2301 1128 2342 sub
1150 2301 1239 2342 ima
1261 2305 1343 2357 est,

141 2369 166 2389 “
186 2369 374 2425 Invitus,
399 2368 561 2425 regina,
585 2374 663 2412 tuo
685 2370 738 2411 de
761 2369 887 2411 litore
910 2370 1046 2424 cessi,
1481 2371 1568 2414 460

141 2440 167 2461 “
187 2441 272 2484 Sed
294 2455 362 2482 me
380 2440 502 2496 jussa
524 2440 673 2495 deum,
697 2454 809 2495 quae
831 2455 948 2483 nunc
972 2441 1051 2483 has
1075 2441 1135 2483 ire
1158 2455 1234 2497 per
1255 2442 1446 2497 umbras,

141 2511 167 2532 “
187 2512 274 2554 Per
292 2512 386 2554 loca
409 2517 533 2554 senta
556 2511 646 2554 situ
669 2516 830 2568 cogunt
852 2517 1115 2568 noctemque
1138 2513 1423 2569 profundam,

142 2582 166 2604 “
186 2583 386 2640 Imperiis
409 2598 530 2640 egere
553 2583 656 2639 suis,
681 2598 758 2626 nec
782 2584 951 2626 credere
976 2584 1097 2640 quivi
