1757 2916
212 138 303 182 214
695 146 924 178 AENEIDos
957 146 1041 176 L113.
1080 144 1141 175 ix.

216 260 419 313 Quantus
442 258 497 301 ab
519 271 675 301 occasu
696 256 873 299 veniens
896 253 1163 312 pluvialibus
1187 252 1356 295 Haedis

215 331 430 374 Verberat
452 330 590 372 imber
610 329 813 381 humum,
840 340 975 382 quam
1000 325 1144 367 multa
1167 323 1381 381 grandine
1406 320 1546 364 nimbi

216 403 271 445 Iu
293 402 406 444 vada
428 399 736 457 praecipitant,
761 411 900 453 quum
922 395 1102 451 Jupiter
1123 394 1321 437 horridus
1345 392 1524 435 Austris
1565 391 1651 435 670

219 474 413 528 Torquet
436 484 647 527 aquosam
668 468 860 510 hiemem
882 472 925 508 et
949 466 1064 508 coelo
1088 479 1194 507 cava
1216 465 1368 506 nubila
1392 462 1570 519 rumpit.

309 543 539 585 Pandarus
562 546 606 582 et
631 539 787 593 Bitias,
813 537 945 580 Idaeo
968 536 1183 578 Alcanore
1207 535 1330 590 creti,

219 615 336 667 Quos
358 613 389 656 J
393 612 483 655 ovis
505 610 659 653 eduxit
681 610 781 652 luco
805 607 1017 651 silvestris
1040 607 1168 649 Iaera

221 684 455 728 Abietibus
473 682 656 739 juvenes
678 679 835 737 patriis
857 684 901 721 et
923 678 1153 721 montibus
1176 691 1352 734 aequos,

223 756 415 810 Portam,
440 768 552 810 quae
575 752 698 795 ducis
720 751 904 807 imperio
926 750 1172 813 commissa,
1197 749 1450 804 recludunt,
1567 744 1655 792 675

220 826 342 870 Freti
364 825 511 880 armis,
534 824 737 880 ultroque
759 823 954 865 invitant
977 811 1207 864 mkieisi'bus
1228 821 1413 864 hostem.

223 899 314 957 Ipsi
336 899 459 941 intus
481 897 637 940 dextra
660 911 712 939 ac
734 895 862 938 laeva
884 909 961 951 pro
983 893 1180 937 turribus
1203 893 1400 948 adstant,

222 970 399 1014 Armati
419 969 528 1012 ferro
551 973 596 1011 et
620 967 761 1010 cristis
784 966 933 1023 capita
956 966 1050 1008 alta
1071 964 1251 1020 corusci,

222 1042 383 1095 Quales
405 1040 550 1083 aeriae
573 1038 790 1095 liquentia
809 1036 997 1079 fiumina
1019 1036 1203 1091 circum,

224 1114 322 1157 Sive
345 1111 461 1155 Padi
483 1110 601 1167 ripis,
627 1109 833 1152 Athesim
856 1122 934 1151 seu
955 1112 1135 1163 propter
1156 1119 1405 1161 amoenum,
1573 1103 1660 1147 680

224 1184 507 1240 Consurgunt
531 1180 730 1238 geminae
753 1193 953 1235 quercus,
976 1168 1239 1233 intonsaque
1263 1177 1379 1220 coelo

223 1255 458 1298 Attollunt
482 1252 630 1309 capita
652 1256 696 1293 et
720 1250 898 1293 sublimi
919 1249 1079 1292 vertice
1102 1254 1280 1292 nutant.

226 1326 505 1381 Irrumpunt,
530 1323 678 1365 aditus
702 1321 860 1363 Rutuli
881 1325 932 1362 ut
956 1320 1101 1362 videre
1124 1324 1343 1376 patentes.

225 1397 446 1440 Continuo
470 1395 688 1448 Quercens
711 1399 755 1434 et
778 1392 959 1448 pulcher
981 1391 1226 1446 Aquicolus
1249 1390 1381 1432 armis

225 1468 287 1509 Et
310 1479 515 1523 praeceps
538 1463 675 1506 animi
698 1462 889 1504 Tmarus
911 1467 955 1504 et
978 1461 1223 1503 Mavortius
1247 1460 1450 1502 Haemon
1573 1460 1663 1503 685

225 1536 494 1594 Agminibus
517 1533 625 1576 totis
649 1538 728 1575 aut
749 1532 861 1575 versi
883 1537 1007 1589 terga
1029 1531 1199 1587 dedere,

225 1608 322 1650 Aut
346 1607 439 1663 ipso
461 1610 614 1662 portae
637 1618 818 1661 posuere
840 1603 888 1645 in
908 1603 1061 1645 limine
1084 1602 1239 1645 vitam.

226 1679 343 1720 Tum
367 1677 509 1734 magis
531 1676 781 1718 increscunt
804 1674 962 1717 animis
984 1674 1254 1717 discordibus
1276 1673 1381 1730 irae,

225 1750 287 1792 Et
304 1749 400 1805 jam
423 1747 598 1790 collecti
622 1746 755 1789 Troes
778 1746 1081 1803 glomerantur
1103 1746 1271 1801 eodem,

226 1821 288 1862 Et
311 1819 502 1862 conferre
525 1831 710 1860 manum
731 1822 776 1859 et
798 1831 1047 1873 procurrere
1068 1817 1240 1873 longius
1262 1816 1439 1859 audent.
1578 1815 1665 1859 690

229 1889 415 1933 Ductori
437 1889 603 1942 Turno,
628 1887 798 1930 diversa
819 1887 866 1928 in
887 1892 1016 1942 parte
1038 1886 1207 1929 furenti

230 1960 536 2015 Turbantique
558 1958 683 2013 viros,
708 1957 923 2013 perfertur
944 1958 1143 2013 nuntius,
1169 1958 1342 2001 hostem

229 2033 414 2075 Fcrvere
438 2031 570 2073 caede
592 2044 704 2071 nova
726 2035 770 2071 ct
793 2034 942 2085 portas
964 2030 1166 2085 praebere
1189 2036 1406 2086 patentes.

232 2104 407 2146 Deserit
429 2103 655 2158 inceptum
679 2107 815 2156 atque
838 2101 1024 2143 immani
1047 2102 1247 2144 concitus
1270 2102 1334 2144 ira

231 2175 503 2219 Dardaniam
525 2174 613 2216 ruit
636 2174 691 2215 ad
715 2178 887 2229 portam
909 2173 1150 2230 fratresque
1173 2175 1391 2231 superbos.
1578 2177 1666 2220 695

232 2248 292 2290 Et
315 2247 508 2303 primum
531 2245 826 2300 Antiphaten,
852 2244 886 2286 is
910 2245 1026 2286 enim
1050 2260 1093 2288 se
1115 2245 1284 2302 primus
1306 2246 1483 2302 agebat,

232 2318 445 2361 Thebana
467 2317 519 2359 de
542 2321 684 2357 matre
706 2315 895 2357 nothum
922 2316 1183 2372 Sarpedonis
1205 2317 1299 2372 alti,

233 2389 439 2445 Oonjecto
462 2387 618 2429 sternit
635 2386 806 2442 jaculo:
842 2387 961 2429 volat
986 2387 1103 2429 Itala
1126 2402 1283 2429 cornus

235 2459 353 2502 Aera
375 2472 451 2514 per
473 2463 687 2511 tenerum,
713 2457 1025 2513 stomachoque
1047 2457 1183 2499 infixa
1208 2458 1287 2500 sub
1310 2458 1453 2500 altum

235 2530 396 2572 Pectus
419 2527 512 2570 abit
531 2542 542 2582 ;
577 2527 719 2569 reddit
742 2541 894 2583 specus
917 2528 1001 2570 atri
1023 2528 1213 2571 vulneris
1235 2529 1404 2572 undam
1575 2527 1664 2575 ’700

236 2600 547 2657 Spumantem,
571 2602 616 2642 et
638 2597 726 2640 fixo
747 2598 909 2640 ferrum
933 2597 978 2640 in
1002 2598 1208 2655 pulmone
1231 2599 1429 2656 tepescit.
