1757 2916
173 106 260 150 168
656 114 888 147 AENmDos
920 115 1007 146 Lm.
1044 114 1123 144 vn.

171 226 310 270 Pulsa
332 225 472 283 palus.

169 297 263 341 Nec
289 298 522 354 quisquam
545 302 716 339 acratas
739 296 852 338 acies
875 310 929 337 ex
952 294 1127 351 agmine
1150 299 1277 336 tanto

171 369 345 412 Misceri
367 373 509 425 putet,
535 368 702 410 aeriam
725 368 799 409 sed
822 366 994 423 gurgite
1017 366 1072 408 ab
1095 366 1184 407 alto

173 441 334 498 Urgeri
356 441 582 483 volucrum
606 453 838 482 raucarum
859 440 915 481 ad
937 439 1065 480 litora
1087 438 1260 481 nubem.

262 512 375 554 Ecce
402 511 661 555 Sabinorum
684 510 824 566 prisco
846 509 899 551 ‹le
923 508 1132 564 sanguine
1155 522 1367 564 magnum

174 583 348 640 Agmen
370 598 503 640 agens
528 582 728 636 Clausus,
754 580 992 637 magnique
1015 580 1107 636 ipse
1130 579 1322 635 agminis
1343 579 1495 634 instar,

173 654 363 698 Claudia
386 669 501 696 nune
524 668 550 696 a
573 667 658 708 quo
680 651 947 694 diffunditur
968 655 1012 692 et
1035 649 1176 692 tribus
1200 654 1244 691 et
1266 663 1372 705 gens

173 725 258 766 Per
279 724 475 780 Latium,
501 728 739 780 postquam
761 721 808 764 in
830 727 1004 778 partem
1026 721 1131 762 data
1155 719 1296 762 Roma
1322 719 1504 763 Sabinis.

172 794 278 838 Una
300 795 452 851 ingens
474 794 709 837 Amiterna
731 793 881 836 cohors
902 791 1120 849 priscique
1146 789 1352 846 Quirites,

171 867 299 909 Ereti
322 881 479 909 manus
502 865 642 909 omnis
665 865 972 920 oliviferaeque
996 863 1243 917 Mutuscae,

172 938 260 992 Qui
282 938 557 981 Nomentum
579 937 745 993 urbem,
768 935 846 992 qui
876 949 1002 978 rosea
1032 949 1132 977 rura
1154 933 1319 988 Velini,

173 1009 259 1063 Qui
281 1009 481 1052 Tetricae
503 1008 726 1051 horrentes
749 1021 878 1064 rupes
899 1011 1184 1061 montemque
1209 1005 1416 1048 Severum

173 1080 517 1137 Casperiamque
540 1079 693 1122 colunt
715 1078 986 1133 Forulosque
1007 1082 1052 1119 et
1073 1076 1239 1118 flumen
1264 1076 1497 1131 Himellae,

1519 435 1606 481 705

1517 789 1607 835 710

174 1152 261 1206 Qui
285 1151 500 1208 Thybrim
522 1149 821 1206 Fabarimque
843 1149 1016 1203 bibunt,
1041 1162 1147 1204 quos
1168 1147 1327 1204 frigida
1348 1147 1471 1190 misit
1519 1145 1606 1191 715

174 1223 353 1279 Nursia,
378 1228 422 1265 et
446 1221 842 1269 Hortinae,classes
863 1219 1104 1277 populique
1127 1219 1291 1274 Latini,

174 1296 380 1350 Quosque
405 1308 555 1336 secans
577 1292 826 1335 infaustum
849 1290 1049 1333 interluit
1072 1290 1195 1332 Allia
1216 1303 1401 1333 nomen:

173 1366 317 1419 Quam
339 1364 472 1407 multi
495 1364 658 1419 Libyco
680 1363 920 1405 volvuntur
941 1376 1153 1404 marmore
1177 1361 1353 1416 fluctus,

174 1437 339 1480 Saevus
361 1435 437 1478 ubi
465 1435 599 1478 Orion
619 1433 812 1476 hibernis
835 1433 1037 1475 conditur
1059 1431 1202 1487 undis,

172 1507 258 1549 Vel
281 1521 418 1562 quum
442 1506 528 1548 sole
551 1519 660 1547 novo
682 1505 842 1547 densae
865 1508 1085 1546 torrentur
1107 1502 1265 1545 aristae

171 1578 269 1621 Aut
295 1576 451 1619 Hermi
473 1590 628 1632 campo
651 1581 730 1618 aut
752 1574 912 1631 Lyciae
934 1573 1197 1616 flaventibus
1220 1566 1344 1617 arvis

175 1649 312 1693 Scuta
336 1652 507 1703 sonant,
531 1647 750 1704 pulsuque
772 1646 938 1702 pedum
960 1644 1195 1688 conterrita
1218 1644 1365 1687 tellus.

262 1719 380 1762 Hine
403 1717 797 1775 Agamemnonius,
823 1716 1002 1773 Trojani
1021 1715 1210 1758 nominis
1231 1715 1383 1771 hostis,

173 1790 314 1834 Curru
331 1789 481 1846 jungit
505 1788 723 1831 Halaesus
747 1801 893 1843 equos,
918 1787 1153 1842 Turnoque
1174 1786 1336 1829 feroces

173 1861 297 1903 Mille
320 1860 437 1916 rapit
458 1860 659 1916 populos,
682 1863 866 1900 vertunt
888 1857 1033 1899 felicia
1057 1857 1232 1899 Baccho

173 1931 363 1974 Massica
386 1930 464 1986 qui
486 1929 650 1984 rastris,
675 1934 720 1970 et
743 1942 852 1984 quos
875 1929 927 1970 de
951 1927 1134 1970 collibus
1155 1927 1256 1970 altis

174 2001 374 2045 Aurunci
395 2001 550 2043 11115010
569 2004 715 2056 patres
741 1999 1021 2055 Sidicinaque
1038 1998 1172 2055 juxta

174 2075 396 2129 Aequora,
421 2072 583 2128 quique
609 2069 734 2114 Cales
755 2070 979 2126 linquunt,
1004 2069 1234 2125 amnisque
1257 2070 1407 2112 vadosi

174 2143 339 2187 Accola
362 2142 592 2197 Vulturni,
616 2141 866 2198 pariterque
892 2140 1114 2183 Saticulus
1138 2155 1266 2196 asper

177 2215 478 2269 Oscorumque
502 2228 669 2256 manus.
737 2212 915 2254 Teretes
938 2217 1043 2255 sunt
1065 2212 1240 2268 aclydes
1262 2211 1348 2254 illis

175 2287 283 2329 Tela
305 2301 316 2340 ;
351 2286 424 2328 sed
446 2285 551 2326 haee
574 2284 692 2326 lento
715 2297 808 2325 mos
830 2288 896 2325 est
919 2289 1071 2339 aptare
1094 2283 1280 2340 flagello

175 2357 341 2401 Lacvas
364 2362 510 2400 caetra
532 2355 642 2410 tegit
661 2369 671 2408 ;
706 2354 858 2397 falcati
881 2356 1126 2398 comminus
1149 2369 1284 2398 enses.

266 2429 360 2471 Nec
384 2433 436 2470 tu
457 2426 724 2470 carminibus
747 2427 905 2469 nostris
925 2427 1119 2469 indictus
1141 2425 1295 2481 abibis,

178 2499 359 2555 0011010,-
384 2513 515 2555 quem
538 2511 763 2554 generasse
788 2497 930 2539 Telon
956 2496 1191 2541 Sebethide
1211 2495 1408 2552 nympha

112 2599 121 2609 -
176 2572 349 2628 Fertur,
375 2571 616 2614 Teleboum
641 2569 830 2626 Capreas
852 2583 990 2625 quum
1013 2583 1145 2625 regna
1167 2572 1350 2623 teneret,

1518 1500 1608 1547 720

1518 1855 1607 1902 725

1518 2564 1607 2612 '735
