1741 2902
568 125 794 156 AENEIDOS
829 126 915 156 LlB.
951 125 994 156 X.

72 235 448 290 Semianimesque
470 233 637 276 micant
661 233 790 290 digiti
811 234 1063 289 ferrumque
1086 239 1344 278 retractant.

71 306 269 349 Arcadas
290 321 491 348 accensos
513 305 686 348 monitu
709 311 753 348 et
777 307 997 362 praeclara
1021 311 1198 349 tuentes

71 378 212 420 Facta
233 377 313 419 viri
334 377 501 419 mixtus
524 377 644 419 dolor
664 382 709 419 ct
732 378 872 433 pudor
892 383 1035 419 armat
1057 377 1104 419 in
1127 377 1285 420 hostes.

72 448 190 490 Tum
213 448 362 490 Pallas
383 446 545 504 bijugis
567 447 813 503 fugientem
838 447 1034 490 Rhoetea
1055 454 1228 503 praeter

72 518 264 574 Trajicit.
331 517 426 560 Hoc
450 518 658 574 spatium,
682 523 949 574 tantumque
971 533 1115 561 morae
1137 518 1223 561 fuit
1246 519 1339 563 llo:

71 589 137 632 Ilo
158 603 347 645 namque
370 589 520 645 procul
544 589 736 631 validam
758 589 974 631 direxerat
995 589 1184 645 hastam,

72 660 218 713 Quam
239 659 408 702 medius
432 659 654 702 Rhoeteus
677 659 915 715 intercipit,
940 659 1107 716 optimc
1132 659 1347 715 Teuthra,

73 731 136 773 Te
157 731 325 787 fugiens
345 731 611 786 fratremque
636 731 808 786 Tyren;
849 745 1063 787 curruque
1086 732 1260 774 volutus

74 802 234 846 Caedit
257 802 524 845 semianimis
548 802 817 845 Rutulorum
839 803 1031 845 calcibus
1054 818 1168 846 arva.

72 874 138 916 Ac
162 874 298 929 velut,
323 878 476 929 optato
499 874 642 916 ventis
665 880 833 916 aestate
856 875 1026 928 coortis,

74 944 283 999 Dispersa
305 943 511 985 immittit
535 943 653 985 silvis
676 944 877 986 incendia
900 949 1050 999 pastor
1071 958 1082 998 3

74 1014 293 1070 Correptis
316 1014 462 1056 subito
484 1014 651 1068 mediis,
677 1014 934 1056 extenditur
955 1029 1045 1056 una

72 1085 260 1127 Horrida
282 1098 360 1141 per
380 1084 493 1127 latos
515 1084 628 1127 acies
651 1083 871 1127 Vulcania
894 1099 1070 1141 campos
1089 1098 1100 1139 ;

72 1156 154 1198 Ille
178 1156 332 1199 sedens
354 1156 490 1198 victor
511 1155 713 1199 flammas
736 1157 964 1213 despectat
987 1162 1195 1201 ovantes:

73 1227 175 1269 Non
198 1227 327 1269 aliter
350 1227 514 1270 socium
536 1227 676 1270 virtus
699 1228 785 1270 coit
808 1227 947 1270 omnis
969 1227 1016 1270 in
1038 1243 1194 1284 unum,

74 1298 222 1354 Teque
239 1298 384 1354 juvat,
409 1298 546 1342 Palla.
613 1299 698 1342 Sed
719 1299 844 1341 bellis
867 1313 964 1342 acer
987 1298 1204 1342 Halaesus

75 1369 237 1412 Tendit
259 1370 304 1412 in
327 1371 543 1425 adversos,
570 1384 700 1426 seque
723 1370 770 1412 in
792 1385 871 1413 sua
894 1371 1060 1427 colligit
1082 1385 1216 1414 arma.

75 1439 159 1483 Hic
182 1446 352 1483 mactat
374 1441 554 1483 Ladona
577 1429 853 1496 Pheretaque
877 1441 1263 1497 Demodocumque
1279 1455 1291 1495 3

76 1511 322 1567 Strymonio
346 1512 550 1554 dextram
571 1511 760 1567 fulgenti
782 1511 941 1567 deripit
966 1525 1066 1553 cnse

76 1582 253 1623 Elatam
274 1582 319 1623 in
336 1581 541 1637 jugulum
560 1595 571 1635 ;
608 1596 711 1623 saxo
732 1581 832 1623 ferit
857 1596 929 1623 ora
953 1581 1179 1636 Thoantis,

78 1651 274 1707 Ossaque
297 1652 498 1708 dispersit
521 1651 689 1694 cerebro
711 1651 932 1708 permixta
954 1657 1145 1696 cruente.

75 1723 191 1765 Fata
214 1737 373 1765 canens
396 1722 514 1765 silvis
536 1722 708 1778 genitor
729 1723 893 1764 celarat
918 1723 1176 1779 Halaesum,

77 1794 145 1837 Ut
169 1793 310 1836 senior
330 1794 417 1836 leto
439 1792 643 1836 canentia
665 1786 833 1835 lumina
857 1793 985 1836 solvit
1005 1808 1014 1837 :

77 1865 269 1921 lnjecere
290 1879 473 1907 manum
495 1864 660 1906 Parcae
682 1864 871 1921 telisque
895 1868 1121 1907 sacrarunt

76 1935 281 1979 Evandri.
347 1935 487 1988 Quem
510 1934 569 1977 sic
592 1935 741 1977 Pallas
762 1935 877 1991 petit
899 1941 1002 1977 ante
1024 1939 1227 1991 precatus
1250 1949 1259 1978 ε

78 2005 105 2026 “
126 2006 197 2048 Da
217 2020 349 2061 nunc,
375 2005 542 2062 Thybri
563 2010 705 2062 pater,
728 2005 852 2061 ferro,
876 2006 992 2061 quod
1014 2005 1176 2048 missile
1198 2005 1323 2061 libro,

78 2077 104 2098 ‘⁶
123 2077 369 2119 Fortunam
390 2082 524 2132 atque
545 2076 664 2119 viam
684 2077 783 2119 duri
804 2091 880 2133 per
901 2082 1056 2133 pectus
1078 2076 1273 2120 Halaesi.

80 2148 106 2168 ‘⁴
125 2147 245 2190 Haec
268 2162 389 2189 arma
411 2147 674 2202 exuviasque
695 2147 775 2189 viri
797 2152 877 2189 tua
900 2161 1085 2202 quercus
1107 2147 1325 2191 habebit.’'

77 2219 236 2262 Audiit
259 2218 336 2260 illa
357 2219 490 2261 deus:
525 2217 634 2259 dum
657 2217 771 2259 texit
793 2217 978 2259 Imaona
1000 2217 1234 2272 Halaesus,

79 2290 269 2333 Arcadio
291 2288 445 2331 infelix
465 2288 552 2331 telo
575 2288 654 2331 dat
678 2293 834 2344 pectus
855 2287 1085 2330 inermum.

79 2361 143 2403 At
166 2375 253 2403 non
275 2360 405 2403 caede
427 2359 509 2401 viri
531 2364 658 2401 tanta
680 2357 910 2414 perterrita
936 2357 1122 2413 Lausus,

81 2432 189 2474 Pars
210 2432 366 2488 ingens
386 2430 504 2485 belli,
530 2429 633 2473 sinit
657 2428 857 2485 agmina:
892 2428 1059 2484 primus
1082 2429 1307 2472 Abantem

82 2503 348 2560 Oppositum
368 2500 597 2556 interimit,
623 2514 795 2556 pugnae
817 2500 1066 2555 nodumque
1089 2515 1357 2556 moramque.

84 2573 302 2618 Sternitur
323 2572 539 2616 Arcadiae
565 2571 716 2628 proles,
742 2575 997 2613 sternuntur
1018 2571 1209 2627 Etrusci,

1408 117 1489 159 231

1406 517 1495 561 400

1411 873 1498 917 405

1410 1229 1500 1272 410

1412 1580 1501 1624 415

1415 1934 1503 1977 420
