1757 2916
141 125 229 169 248
617 135 847 168 AENEmos
880 134 965 165 Lm.
1002 133 1063 163 xl.

140 246 170 268 “
189 247 365 291 Interea
389 246 522 290 socios
544 245 866 300 inhumataque
889 256 1069 298 corpora
1092 247 1232 283 terrae

144 318 172 341 “
192 319 468 374 Mandonius,
494 317 571 374 qui
594 317 709 359 solus
731 316 866 357 honos
895 314 1140 356 Acheronte
1164 311 1246 354 sub
1270 310 1356 353 imo
1381 313 1459 352 est.

143 392 170 412 ‘⁶
189 393 304 446 Itc,⁷'
327 391 392 433 ait
420 390 446 410 ‘⁸'
466 389 658 446 egregius
681 387 863 440 animas,
888 399 1001 441 quac
1025 383 1237 440 sanguine
1262 382 1384 424 nobis

145 462 171 483 ‘⁴
193 463 320 505 Hanc
345 461 537 518 patriam
561 472 767 515 peperere
791 471 882 511 5110,
907 457 1108 498 decorate
1134 453 1348 511 supremis
1523 451 1581 495 25

145 533 173 554 ‘⁶
194 532 452 574 Muneribus
474 544 484 584 ;
519 534 823 584 maestamque
846 526 1044 569 Evandri
1066 525 1234 582 primus
1257 526 1313 567 ad
1335 524 1489 567 urbem

146 604 172 624 ‘⁴
195 604 407 645 Mittatur
429 601 593 654 Pallas,
618 614 751 656 quem
773 613 860 641 non
885 597 1063 640 virtutis
1086 600 1291 653 egentem

145 675 171 695 ‘⁶
191 673 395 717 Abstulit
418 677 516 714 atra
538 671 630 714 dies
652 675 697 713 et
720 670 872 712 funere
896 668 1047 711 mersit
1072 668 1267 710 acerbo?

147 745 217 789 Sic
240 745 302 787 ait
325 743 597 786 illacrimans
621 741 863 798 recipitque
886 740 943 782 ad
964 739 1121 782 limina
1143 729 1355 796 gressum,

147 815 315 872 Corpus
336 814 415 856 ubi
437 813 632 856 exanimi
653 813 850 870 positum
874 811 1092 854 Pallantis
1116 810 1306 853 Acoetes
1525 808 1584 851 30
1630 860 1633 863 Α

148 885 361 930 servabat
384 885 537 940 senior,
562 884 638 940 qui
661 883 892 926 Parrhasio
913 883 1122 926 Evandro

147 957 352 1014 Armiger
373 961 479 999 ante
503 955 605 1012 fuit,
630 957 705 999 sed
729 971 817 1003 non
838 954 1041 998 felicibus
1064 968 1202 1010 aeque

148 1028 266 1071 Tum
289 1042 432 1072 comes
455 1026 663 1084 auspiciis
685 1041 784 1070 caro
805 1026 939 1069 datus
960 1026 1054 1068 ibat
1077 1025 1266 1068 alumno.

148 1099 327 1143 Circum
349 1097 489 1141 omnis
511 1098 817 1153 famulumque
840 1111 998 1139 manus
1023 1096 1298 1152 Trojanaque
1321 1094 1451 1137 turba

148 1171 211 1214 Et
233 1175 455 1213 maestum
479 1169 640 1211 Iliades
664 1168 829 1211 crinem
851 1169 904 1210 de
928 1182 1045 1210 more
1070 1168 1250 1211 solutae.
1529 1165 1586 1208 35

150 1241 218 1284 Ut
241 1255 340 1283 vero
364 1239 536 1283 Aeneas
558 1239 722 1282 foribus
746 1253 836 1282 sese
858 1239 1012 1281 intulit
1035 1238 1139 1280 altis
1160 1252 1170 1292 3

149 1313 384 1369 Ingentem
407 1310 625 1368 gemitum
647 1310 793 1353 tunsis
815 1310 872 1352 ad
896 1310 1034 1352 sidera
1058 1310 1223 1352 tollunt

151 1382 422 1436 Pectoribus,
447 1386 703 1436 maestoque
726 1380 934 1436 immugit
958 1379 1074 1436 regia
1095 1380 1236 1422 luctu.

151 1454 267 1509 Ipse,
292 1457 428 1508 caput
450 1451 568 1494 nivei
588 1451 756 1493 fultum
780 1450 1000 1493 Pallantis
1022 1455 1067 1493 et
1090 1465 1164 1493 ora

153 1523 222 1566 Ut
245 1522 371 1578 vidit,
395 1521 567 1578 levique
589 1526 748 1578 patens
770 1521 816 1563 in
838 1526 1013 1578 pectore
1037 1520 1198 1564 vulnus
1531 1518 1591 1562 40

153 1593 361 1651 Cuspidis
385 1593 623 1650 Ausoniae,
647 1592 841 1635 lacrimis
864 1592 927 1635 ita
945 1592 1066 1635 satur
1087 1591 1273 1635 obortis:

153 1665 181 1686 ‘⁶
203 1666 369 1721 Tene,”
392 1664 539 1721 inquit
565 1664 592 1685 ‘⁴
611 1664 854 1707 miserando
878 1678 999 1721 puer,
1024 1678 1126 1706 cum
1148 1663 1268 1705 laeta
1290 1662 1470 1717 veniret,

156 1736 183 1757 ‘⁴
203 1736 374 1779 Invidit
397 1735 596 1778 Fortuna
618 1735 740 1790 mihi,
766 1749 821 1777 110
844 1750 977 1792 regna
1000 1735 1169 1777 videres

157 1808 181 1827 ‘⁴
202 1807 380 1862 Nostra,
405 1820 545 1862 neque
568 1806 625 1848 ad
647 1806 769 1848 sedes
791 1805 930 1847 victor
952 1805 1153 1847 veherere
1176 1809 1381 1860 paternas
1397 1805 1418 1846 Ρ

155 1877 302 1919 “Non
323 1877 432 1919 haec
455 1876 658 1918 Evandro
682 1876 735 1917 de
759 1880 802 1917 te
825 1875 1037 1931 promissa
1060 1875 1233 1930 parenti
1535 1873 1594 1918 45

156 1949 182 1968 ‘⁴
204 1948 443 1990 Discedens
465 1947 684 2000 dederam,
710 1961 812 1988 cum
834 1961 903 1988 1110
926 1945 1182 2002 complexus
1207 1951 1388 1987 euntem

157 2018 185 2040 ‘⁶
205 2019 405 2061 Mitteret
429 2018 475 2060 iu
498 2032 711 2074 magnum
733 2016 980 2073 imperium,
1005 2022 1293 2072 metuensque
1317 2022 1530 2072 moneret,

158 2089 186 2110 ‘⁴
206 2090 344 2132 Acres
366 2103 458 2131 0550
480 2088 605 2143 viros,
630 2103 733 2130 cum
755 2089 865 2131 dura
888 2088 1051 2144 proelia
1074 2093 1218 2144 gente.

159 2161 186 2182 “
208 2161 269 2204 Et
293 2175 409 2202 nunc
433 2160 506 2202 ille
529 2160 709 2215 quidem
733 2174 807 2216 spe
830 2159 1025 2201 multum
1048 2165 1206 2215 captus
1228 2158 1351 2202 inani

164 2232 190 2252 “
209 2231 317 2274 Fors
340 2236 384 2273 et
406 2235 510 2272 vota
531 2229 651 2285 facit,
672 2229 962 2285 cumulatque
986 2229 1144 2272 altaria
1167 2229 1291 2272 donis
1312 2244 1323 2284 3
1366 2222 1376 2228 “
1537 2230 1596 2274 50

162 2303 188 2323 “
209 2302 301 2345 Nos
318 2302 529 2358 juvenem
551 2302 805 2344 exanimum
828 2306 871 2343 et
896 2300 958 2343 nil
975 2301 1070 2357 jam
1093 2301 1352 2344 coelestibus
1375 2301 1476 2343 ullis

163 2374 188 2394 ‘⁴
210 2373 459 2416 Debentem
482 2387 594 2415 vano
615 2371 774 2414 maesti
796 2372 1058 2414 comitamur
1078 2372 1248 2416 honore.

164 2444 190 2466 “
209 2444 389 2499 Infelix,
415 2443 511 2486 nati
532 2442 666 2485 funus
689 2442 862 2485 crudele
885 2442 1079 2487 videbis!

166 2515 194 2537 “
214 2515 276 2557 Hi
298 2515 435 2557 nostri
456 2514 638 2569 reditus,
663 2514 993 2570 exspectatique
1016 2514 1264 2571 triumphi!

168 2586 193 2608 “
211 2586 333 2630 Haec
357 2599 454 2628 mea
477 2599 639 2643 magna
662 2585 794 2629 fides!
852 2584 916 2627 At
940 2600 1038 2640 11011,
1065 2585 1283 2641 Evandro,
1308 2584 1523 2642 pudendis
1541 2587 1597 2629 55
