1757 2916
103 100 191 144 134
591 114 820 144 ΑΕΝΕ11105
852 115 938 146 LIB.
974 114 1037 145 VI.

103 221 130 242 “
148 221 282 265 Hunc
305 227 488 265 tantum
511 223 592 265 tibi
614 237 684 265 me
707 223 901 266 discessu
922 222 1030 266 ferre
1053 223 1257 268 dolorem.

104 294 131 314 “
153 294 267 337 Siste
289 295 490 351 gradum,
517 301 648 351 teque
672 296 887 351 adspectu
908 310 964 338 ne
986 295 1198 339 subtrahe
1225 299 1386 339 nostro.
1453 294 1543 339 465

104 366 131 387 ‘⁵
152 366 294 420 Quem
316 366 432 423 fugis
451 367 472 410 P
499 371 760 421 extremum,
780 366 872 408 fato
897 367 1013 422 quod
1036 372 1081 409 te
1104 367 1313 423 alloquor,
1332 366 1413 409 1100
1437 366 1546 410 est.''

104 438 289 481 Talibus
313 437 488 480 Aeneas
511 439 739 480 ardentem
762 443 806 480 et
830 443 955 480 torva
977 443 1183 481 tuentem

104 509 292 552 Lenibat
316 509 447 551 dictis
469 508 684 564 animum,
708 508 999 564 lacrimasque
1024 509 1195 564 ciebat3

104 579 189 622 Illa
211 580 298 622 solo
320 579 430 622 fixos
454 579 598 622 0011105
620 593 771 621 aversa
795 579 997 634 tenebat,

105 650 199 693 Nec
223 650 364 706 magis
386 650 560 705 incepto
583 649 761 691 vultum
785 664 980 692 sermone
1005 654 1220 706 movetur,
1457 648 1548 694 470

106 721 251 775 Quam
275 721 310 763 si
333 721 443 763 dura
466 720 576 763 silex
598 725 677 763 aut
702 724 790 763 stet
815 720 1037 777 Marpesia
1058 726 1223 765 cautes.

106 793 310 835 Tandem
334 792 546 848 corripuit
570 807 674 848 sese,
699 797 835 848 atque
857 792 1037 836 inimica
1060 793 1225 851 refugit

105 863 160 906 In
182 878 337 906 nemus
358 863 662 920 umbriferum,
687 863 848 920 conjux
870 864 949 907 ubi
970 864 1184 921 pristinus
1206 865 1271 908 1111

107 935 361 992 Respondet
384 934 498 978 curis
520 940 771 991 aequatque
796 935 1017 991 Sychaeus
1040 950 1244 979 amorem.

106 1007 199 1050 Nec
223 1006 370 1049 minus
392 1006 581 1062 Aeneas,
606 1021 712 1049 casu
733 1021 966 1063 percussus
987 1007 1153 1064 iniquo,
1460 1004 1551 1052 475

109 1079 396 1135 Prosequitur
417 1078 651 1121 lacrimans
673 1079 801 1135 longe
825 1084 869 1121 et
891 1078 1124 1121 miseratur
1145 1084 1337 1123 euntem.

200 1151 311 1193 Inde
335 1152 494 1194 datum
516 1150 701 1193 molitur
720 1151 815 1195 iter.
880 1150 1075 1207 Jamque
1099 1166 1203 1194 arva
1224 1152 1440 1195 tenebant

111 1222 305 1277 Ultima,
331 1236 444 1278 quae
465 1222 580 1265 bello
605 1223 708 1265 clari
731 1229 897 1266 secreta
918 1223 1217 1279 frequentant.

111 1294 197 1336 Hie
219 1294 286 1336 illi
307 1293 496 1336 occurrit
520 1294 711 1350 Tydeus,
735 1294 805 1337 hic
828 1295 1022 1352 inclytus
1044 1295 1177 1338 armis

111 1365 473 1421 Parthenopaeus
497 1370 541 1407 et
565 1365 749 1408 Adrasti
771 1365 979 1422 pallentis
995 1366 1140 1423 imago
1160 1380 1171 1421 ;
1464 1365 1554 1409 480

111 1435 198 1478 Hic
221 1437 419 1478 multum
441 1435 535 1477 fleti
560 1436 617 1478 ad
641 1451 819 1492 superos
841 1437 1042 1493 belloque
1065 1437 1222 1480 caduci

113 1507 410 1563 Dardanidae,
436 1522 544 1563 quos
565 1508 638 1550 1110
663 1522 810 1551 omnes
833 1509 962 1566 longo
985 1510 1133 1552 ordine
1156 1524 1334 1553 cernens

111 1578 354 1636 Ingemuit,
380 1579 690 1635 Glaucumque
715 1579 1014 1637 Medontaque
1039 1581 1477 1638 Thersilochumque,

113 1651 220 1693 Tres
242 1649 553 1706 Antenoridas,
581 1651 812 1709 Cererique
836 1667 1012 1695 sacrum
1034 1653 1356 1710 Polyphoeten,

113 1721 401 1778 Idaeumque,
426 1722 564 1764 etiam
586 1737 752 1778 currus,
776 1723 914 1766 etiam
936 1739 1058 1766 arma
1080 1729 1320 1768 tenentem.
1466 1724 1556 1768 485

115 1793 420 1836 Circumstant
443 1794 615 1837 animae
637 1795 793 1838 dextra
814 1796 1027 1852 laevaque
1050 1796 1312 1852 frequentes.

114 1864 209 1907 Nec
233 1865 391 1907 vidisse
415 1866 550 1908 semel
573 1866 679 1909 satis
702 1871 794 1910 est:
825 1866 955 1922 juvat
978 1881 1117 1922 usque
1141 1868 1312 1923 morari,

114 1936 177 1978 Et
200 1936 390 1978 conferre
413 1937 613 1993 gradum,
638 1942 682 1979 et
704 1937 911 1980 veniendi
933 1937 1099 1980 discere
1123 1952 1289 1982 causas.

115 2007 180 2050 At
205 2007 415 2050 Danaum
437 2022 631 2064 proceres
653 2008 1120 2065 Agamemnoniaeque
1143 2010 1385 2068 phalanges

169 2083 186 2120 t
210 2078 354 2121 videre
377 2079 523 2121 virum
544 2079 849 2136 fulgentiaque
873 2095 995 2123 arma
1018 2095 1096 2138 per
1116 2080 1310 2136 umbras,
1468 2082 1558 2126 490

117 2149 297 2206 Ingenti
318 2150 535 2207 trepidare
557 2157 681 2194 metu
701 2166 709 2195 :
746 2167 845 2209 pars
867 2158 1034 2196 vertere
1056 2158 1193 2211 terga,

119 2221 213 2265 Ceu
235 2222 459 2278 quondam
483 2223 647 2280 petiere
670 2228 813 2278 rates3
848 2239 946 2280 pars
971 2225 1123 2267 tollere
1144 2240 1296 2268 vocem

118 2292 344 2351 Exiguam
364 2308 373 2337 :
409 2294 613 2351 inceptus
636 2295 798 2337 clamor
819 2296 1059 2338 frustratur
1080 2296 1266 2340 hiantes.

121 2365 272 2421 Atque
295 2365 365 2408 hic
391 2366 645 2409 Priamiden
666 2366 885 2418 laniatum
910 2382 1083 2424 corpore
1113 2373 1204 2410 toto

122 2436 406 2495 Deiphobum
427 2439 553 2495 vidit,
579 2439 773 2481 lacerum
797 2439 1033 2481 crudeliter
1055 2454 1143 2494 ora,
1470 2439 1558 2483 495

125 2508 213 2553 Ora
234 2524 479 2566 manusque
501 2509 666 2565 ambas,
691 2510 989 2566 populataque
1012 2515 1211 2566 tempora
1234 2510 1377 2566 raptis

122 2581 332 2637 Auribus,
357 2587 402 2625 et
428 2587 606 2625 truncas
630 2581 861 2624 inhonesto
886 2582 1060 2623 vulnere
1087 2595 1224 2624 nares.
