1757 2916
148 129 239 171 200
623 139 854 170 AENEIDos
887 139 973 170 Lm.
1009 139 1075 169 1x.

149 248 177 270 “
194 248 377 292 Aenean
399 249 528 292 acciri
549 262 711 304 omnes,
731 247 1008 305 populusque
1032 252 1276 303 patresque,

150 320 176 341 “
196 320 470 378 Exposcunt,
495 320 704 376 mittique
727 319 852 374 viros,
877 318 953 374 qui
976 324 1095 360 certa
1118 321 1352 374 reportent.

150 392 176 412 “
194 392 255 446 Si,
281 391 363 435 tibi
386 406 498 448 quae
522 405 664 448 posce,
689 389 1086 446 promittunt—nam
1109 388 1217 430 mihi
1239 387 1351 430 facti

151 463 177 483 “
197 463 338 505 Fama
360 469 428 506 sat
451 467 559 516 cst-3
595 461 767 504 tumulo
790 460 936 502 videor
957 460 1143 515 reperire
1167 460 1247 502 sub
1270 459 1345 501 1110
1491 456 1580 500 195

150 534 176 554 “
194 534 324 576 Posse
346 534 465 576 viam
488 534 544 575 ad
567 547 712 574 muros
735 537 779 573 et-
804 530 974 573 mocnia
997 530 1268 573 Pallantea.''

149 604 394 661 Obstupuit
417 618 574 660 magno
596 603 781 645 laudum
803 617 1033 659 percussus
1056 616 1201 644 amore

150 675 394 731 Euryalus,
430 674 562 716 simul
584 673 652 716 his
672 673 901 715 ardentem
926 672 1088 715 affatur
1109 672 1299 715 amicum
1318 686 1327 715 :
1378 663 1384 669 ’

151 745 179 766 “
199 746 328 788 Mene
350 745 487 802 igitur
511 744 676 787 socium
699 745 881 787 summis
904 743 1140 801 adjungere
1162 744 1306 797 rebus,

152 816 177 837 “
197 816 240 859 N
244 817 319 872 isc,
343 815 458 873 fugis
473 817 495 859 ?
563 815 715 859 Solum
736 820 782 857 te
803 815 850 857 in
871 819 1003 857 tanta
1026 814 1220 871 pericula
1241 812 1423 855 mittam
1440 813 1462 855 Ρ
1495 811 1586 853 200

152 887 177 908 “
197 887 241 929 N
245 903 299 930 on
323 887 388 930 ita
410 901 480 929 me
503 887 687 944 genitor,
711 886 836 929 bellis
858 891 1063 929 assuctus
1086 885 1312 942 Opheltes,

152 959 179 980 ‘⁶
198 959 457 1017 Argolicum
479 964 686 1001 terrorem
707 958 824 1001 inter
846 958 1088 1014 Trojaeque
1110 957 1280 1000 labores

152 1030 179 1051 ‘⁴
198 1030 437 1074 Sublatum
459 1028 736 1086 erudiit,-.nec
760 1035 909 1072 tecum
932 1029 1040 1071 talia
1061 1028 1187 1086 gessi,

153 1101 179 1122 ‘⁴
199 1101 539 1158 Magnanimum
561 1100 745 1143 Aenean
766 1105 811 1142 et
832 1100 926 1142 fata
950 1105 1149 1142 extrema
1173 1104 1374 1142 secutus:
1421 1098 1450 1132 ²<

154 1171 181 1192 ‘⁴
199 1172 283 1214 Est
304 1172 389 1227 hic,
414 1177 480 1214 est
502 1172 677 1214 animus
699 1170 809 1213 lucis
834 1176 1094 1226 contemtor,
1120 1175 1165 1212 et
1188 1170 1324 1213 istum
1499 1168 1588 1211 205

155 1242 182 1263 “
202 1242 289 1296 Qui
311 1242 404 1284 vita
425 1243 533 1285 bene
557 1242 708 1284 credat
731 1241 830 1298 emi,
854 1255 940 1297 quo
964 1242 1124 1296 tendis,
1148 1241 1395 1283 honorem.”

154 1313 291 1356 Nisus
314 1314 371 1356 ad
392 1313 498 1356 haec
520 1328 529 1357 :
568 1312 831 1369 “Equidem
854 1313 906 1355 de
930 1318 974 1354 te
996 1312 1059 1354 nil
1083 1312 1170 1354 tale
1195 1312 1370 1354 verebar
1384 1325 1395 1366 3

156 1384 183 1406 ‘⁴
202 1384 296 1427 Nec
318 1384 410 1439 fas3
445 1398 558 1428 non:
593 1384 657 1426 ita
678 1398 747 1425 me
770 1383 927 1426 referat
951 1383 1035 1425 tibi
1056 1398 1243 1439 magnus
1266 1387 1471 1425 ovantem

156 1455 183 1476 “
200 1455 394 1511 Jupiter,
418 1461 497 1498 aut
520 1455 786 1511 quicumque
809 1454 944 1497 oculis
966 1454 1072 1497 haec
1094 1453 1284 1511 adspicit
1307 1452 1469 1509 aequis.

157 1526 184 1548 ‘⁶'
205 1527 291 1570 Sed
314 1527 350 1569 si
372 1527 607 1583 quis-quae
630 1526 775 1568 multa
796 1526 916 1568 vides
939 1525 1186 1568 discrimine
1208 1525 1309 1567 tali·
1502 1521 1593 1566 210

157 1598 183 1620 “
204 1599 250 1643 Si
272 1599 371 1655 quis
394 1599 440 1641 in
461 1600 695 1642 adversum
717 1598 860 1655 rapiat
883 1612 1062 1641 casusve
1086 1598 1246 1641 deusve
1264 1611 1275 1651 3

157 1669 184 1690 “
205 1670 268 1712 Te
292 1685 512 1727 superesse
535 1669 667 1712 velim
688 1684 697 1713 ε
733 1675 812 1711 tua
834 1669 928 1711 vita
950 1669 1122 1726 dignior
1143 1673 1277 1712 aet-as.

158 1741 185 1762 ‘⁶
204 1741 340 1798 Siuq
344 1741 388 1783 ui
411 1755 481 1784 me
504 1746 684 1797 raptum
706 1755 856 1798 pugna
880 1740 1073 1796 pretiove
1097 1740 1346 1782 redemtum

159 1813 187 1834 “
207 1813 393 1856 Mandet
417 1814 551 1855 humo
569 1827 580 1867 ;
615 1813 742 1856 solita
765 1817 844 1854 aut
867 1812 902 1854 si
925 1826 1012 1867 qua
1034 1812 1079 1854 id
1099 1812 1275 1853 fortuna
1297 1809 1482 1864 vetabit,

160 1884 185 1904 ‘⁶
207 1883 398 1926 Absenti
419 1884 532 1926 serat
555 1882 731 1924 inferias
753 1883 1015 1937 decoretque
1040 1881 1246 1937 sepulcro,
1502 1879 1591 1922 215

161 1957 186 1976 “
207 1956 309 1997 Neu
332 1954 466 1997 matri
488 1954 669 1996 miserae
692 1953 810 1995 tanti
835 1953 916 1995 sim
940 1967 1072 1995 causa
1094 1952 1267 2007 doloris,

162 2026 187 2046 ‘⁶
208 2027 328 2079 Quae
352 2031 397 2068 10
420 2025 523 2080 sola,
548 2039 669 2081 puer,
694 2024 848 2066 multis
871 2038 893 2066 c
916 2023 1134 2066 matribus
1157 2038 1278 2078 ausa,

163 2098 190 2119 “
211 2097 509 2153 Persequitur,
532 2096 681 2152 magni
705 2111 782 2139 nec
806 2095 976 2138 moenia-
998 2101 1126 2138 curat
1149 2095 1379 2138 Aeestac.”

163 2169 243 2211 Ille
266 2170 416 2210 aute'm
443 2167 469 2188 “
487 2167 651 2210 Causas
673 2167 972 2223 nequidquam
994 2166 1134 2209 nectis
1156 2166 1321 2221 inanes,

163 2240 189 2261 “
209 2239 303 2282 Nec
327 2253 425 2281 mea
441 2238 535 2294 jam
556 2242 735 2280 mutata
756 2238 847 2280 loco
871 2238 1089 2281 sententia
1111 2238 1240 2281 cedit.
1504 2235 1595 2279 220

164 2310 190 2332 ‘'‘
208 2310 515 2353 Acceleremus
532 2312 541 2353 1
559 2310 583 2327 '²
607 2308 670 2350 ait
691 2322 701 2362 ;
737 2308 886 2365 vigiles
909 2309 1039 2351 simul
1063 2308 1241 2352 excitat.
1308 2306 1383 2350 Illi

166 2380 418 2425 Succedunt
441 2384 700 2435 servantque
724 2378 838 2421 vices
859 2393 869 2433 ;
904 2379 1094 2422 statione
1118 2378 1272 2421 relicta

167 2452 265 2508 Ipse
289 2466 431 2494 comes
453 2450 562 2493 Niso
583 2450 795 2506 graditur,
822 2464 1051 2506 regemque
1075 2448 1311 2506 requirunt.

259 2522 415 2566 Cetera
438 2537 514 2578 per
537 2527 670 2564 terras
692 2535 841 2563 omues
864 2521 1072 2563 animalia
1095 2534 1245 2563 somno

169 2594 402 2637 Laxabant
425 2608 550 2636 curas
574 2598 619 2635 et
642 2592 770 2635 corda
792 2592 927 2634 oblita
949 2592 1176 2645 laborum3
1509 2589 1598 2634 225
