1757 2916
127 116 147 156 l
158 116 214 156 10
626 122 858 153 Annssinos
891 122 978 152 Lis.
1014 121 1057 152 v.

127 233 388 277 Muneribus
412 232 613 276 cumulat
637 230 823 288 magnis,
849 245 898 272 ac
922 228 1033 272 talia
1053 228 1199 272 fatur:

126 305 153 326 ‘⁴
175 305 458 365 Sume,pater
478 319 487 348 ε
522 318 627 346 nam
648 308 695 345 te
713 302 852 345 voluit
876 316 955 344 rex
976 314 1163 357 magnus
1187 296 1366 354 Olympi

128 376 154 396 ‘⁶
177 376 363 419 Talibus
385 375 592 431 auspiciis
615 373 1016 416 exsortem'ducere
1036 371 1257 413 honorem.

128 448 154 468 ‘⁶
174 448 321 504 Ipsius
344 447 567 490 Anchisae
589 444 791 502 longaevi
812 443 893 486 hoc
916 456 1078 485 munus
1100 440 1298 496 habebis,
1476 437 1564 481 535

130 520 157 541 “
177 520 359 564 Cratera
380 520 641 575 impressum
664 516 812 573 signis,
837 529 969 571 quem
994 514 1209 556 Thracius
1232 513 1337 556 olim

127 595 155 616 “
174 593 398 638 Anchisae
420 587 609 648 genitori
633 589 678 630 in
701 601 861 643 magno
883 599 1064 627 munere
1090 584 1265 628 Cisseus

128 667 158 689 “
176 667 308 710 Ferre
332 666 399 709 sui
420 665 603 708 dederat
625 665 965 705 monumentum
988 664 1034 702 et
1056 658 1217 716 pignus
1240 655 1442 699 amoriS.”

129 739 201 783 Sic
224 737 345 780 fatus
369 736 507 793 cingit
529 733 741 777 viridanti
763 738 962 789 tempora
982 731 1123 786 lauro,

128 810 189 852 Et
212 808 405 865 primum
427 811 530 849 ante
554 819 702 848 omnes
724 803 934 847 victorem
957 801 1154 858 appellat
1177 799 1385 843 Acesten.
1481 796 1569 841 540

129 880 221 924 Nec
243 880 384 922 bonus
406 876 626 934 Eurytion
647 875 847 933 praelato
868 873 1027 916 invidit
1048 871 1217 917 honori.

131 951 342 1006 Quamvis
365 950 480 993 solus
502 963 631 992 avem
654 947 772 990 coelo
794 945 953 1002 dejecit
975 945 1030 988 ab
1054 945 1157 987 alto.

131 1022 364 1066 Proximus
387 1019 633 1078 ingreditur
653 1018 792 1073 donis,
817 1016 895 1074 qui
915 1015 1094 1058 vincula
1116 1013 1235 1071 rupit
1255 1027 1266 1068 ;

131 1093 387 1147 Extremus,
412 1090 579 1133 volucri
600 1088 678 1145 qui
699 1088 799 1131 fixit
821 1086 1035 1130 arundine
1057 1085 1237 1128 malum.

223 1163 288 1206 At
310 1167 436 1220 pater
459 1161 645 1216 Aeneas,
670 1159 867 1202 nondum
889 1156 1128 1200 certamine
1151 1155 1298 1210 misso,
1484 1151 1573 1196 545

135 1234 377 1279 Custodem
400 1232 456 1275 ad
479 1246 570 1274 sese
592 1230 888 1285 comitemque
909 1227 1104 1284 impubis
1126 1226 1232 1281 Iuli,

135 1304 376 1361 Epytiden,
400 1307 528 1345 vocat
550 1306 594 1344 et
615 1301 752 1344 fidam
775 1299 835 1342 sic
857 1299 978 1341 fatur
999 1298 1055 1341 ad
1078 1310 1254 1341 aurem:

138 1374 165 1397 ‘⁴
184 1375 325 1430 Vade,
350 1388 443 1430 age,
468 1378 512 1416 et
535 1371 742 1427 Ascanio,
767 1371 803 1413 si
819 1370 914 1426 jam
935 1369 1100 1426 puerile
1122 1372 1332 1425 paratum

138 1446 166 1466 “
183 1446 359 1502 Agmen
381 1444 516 1485 habet
538 1456 689 1485 secum
711 1454 951 1496 cursusque
973 1438 1187 1482 instruxit
1210 1451 1438 1494 equorum,

139 1517 166 1539 ⁴‘
188 1517 338 1559 Ducat
361 1529 442 1557 avo
464 1520 636 1557 turmas
658 1517 702 1555 et
728 1525 818 1554 sese
842 1511 1047 1553 ostendat
1069 1510 1116 1552 in
1139 1509 1287 1564 armis,
1488 1506 1576 1550 550

140 1588 167 1609 ‘⁴
186 1588 313 1643 Dic,”
338 1586 413 1629 ait.
479 1585 581 1642 Ipse
605 1598 782 1627 omnem
802 1583 932 1639 longo
953 1581 1160 1624 decedere
1182 1580 1295 1623 circo

138 1660 346 1703 Infusum
368 1658 584 1715 populum
606 1660 651 1699 et
673 1668 852 1711 campos
869 1653 998 1709 jubet
1021 1667 1112 1695 esse
1135 1656 1351 1709 patentes.

139 1731 360 1774 Incedunt
382 1728 521 1785 pueri,
545 1727 798 1785 pariterque
821 1730 925 1768 ante
947 1739 1020 1767 ora
1042 1728 1279 1781 parentum

140 1800 346 1844 Frenatis
368 1800 521 1843 lucent
542 1799 590 1841 in
612 1797 751 1854 equis,
776 1810 883 1852 quos
905 1795 1046 1838 omnis
1068 1799 1223 1837 euntes

143 1871 393 1914 Trinacriae
413 1870 576 1912 mirata
597 1867 744 1911 fremit
769 1865 1013 1922 Trojaeque
1029 1864 1255 1920 juventus.
1491 1864 1580 1907 555

144 1943 363 1987 Omnibus
386 1942 433 1984 in
455 1955 621 1984 morem
642 1944 771 1982 tonsa
792 1952 918 1980 coma
939 1950 1087 1994 pressa
1108 1950 1277 1979 corona.

146 2014 313 2057 Cornea
335 2013 439 2056 bina
461 2013 609 2055 ferunt
630 2010 826 2067 praefixa
846 2007 1027 2052 hastilia
1047 2007 1170 2064 ferro,

145 2086 254 2128 Pars
276 2086 392 2128 leves
414 2085 595 2127 humero
617 2082 845 2139 pharetras
864 2094 875 2135 3
909 2080 947 2123 it
969 2084 1144 2137 pectore
1168 2093 1340 2122 summo

145 2156 331 2199 Flexilis
354 2154 515 2199 obtorti
538 2168 614 2211 per
636 2153 798 2196 collum
821 2151 1009 2195 circulus
1031 2151 1138 2194 auri.

148 2227 256 2270 Tres
278 2227 480 2284 equitum
502 2239 683 2268 numero
706 2228 893 2278 turmae,
920 2223 1118 2278 ternique
1141 2226 1360 2279 vagantur
1498 2222 1584 2265 560

148 2300 391 2343 Ductores:
426 2296 550 2355 pueri
570 2296 637 2339 bis
660 2295 752 2338 seni
775 2308 993 2350 quemque
1017 2293 1157 2337 secuti
1191 2332 1195 2336 ,

149 2369 342 2427 Agmine
364 2369 529 2426 partito
550 2367 724 2424 fulgent
747 2366 1011 2422 paribusque
1035 2364 1267 2421 magistris.

150 2441 256 2485 Una
278 2441 393 2483 acies
410 2439 640 2496 juvenum,
666 2437 796 2480 duxit
819 2451 954 2492 quam
978 2450 1138 2492 parvus
1161 2440 1366 2477 ovantem

151 2512 324 2558 Nomen
346 2512 418 2553 avi
439 2510 622 2553 referens
647 2508 864 2562 Priamus,
892 2512 971 2549 tua
994 2507 1122 2561 clara,
1149 2506 1305 2560 Polite,

154 2583 402 2640 Progenies,
427 2587 612 2626 auctura
634 2579 802 2623 Italos:
840 2592 971 2634 quem
997 2577 1214 2620 Thracius
1237 2576 1347 2619 albis
1502 2575 1589 2620 565
1615 2562 1618 2566 ’
