1757 2916
155 133 245 176 282
492 134 503 146 ‘
621 145 850 176 AENEIDos
882 146 967 177 Lm.
1004 146 1083 177 ΧΠ.

154 253 331 297 Nomen
353 258 446 297 erat
470 253 662 309 virtutis,
686 259 731 296 et
748 254 840 310 ipse
862 253 1097 297 acerrimus
1119 254 1266 310 armis,

155 327 211 369 In
233 326 401 368 medias
422 326 501 368 dat
525 340 615 368 sese
637 324 766 379 acies,
791 325 912 367 haud
936 325 1082 367 nescia
1105 340 1264 380 rerum,

155 397 455 452 Rumoresque
480 397 581 439 serit
603 396 743 438 varios
767 411 816 437 ae
840 396 947 438 talia
968 395 1115 439 satur:

157 469 183 489 ‘⁴
202 469 303 511 Non
327 469 478 524 pudet,
503 482 526 510 o
551 467 725 521 Rutuli,
750 481 826 522 pro
850 467 1022 509 cunetis
1046 468 1210 510 talibus
1233 483 1367 510 unam

157 540 183 561 ‘⁶
201 539 433 595 Objectare
457 536 651 579 animam
668 539 688 580 Ρ
754 536 1004 579 Numerone
1027 553 1082 580 an
1106 538 1268 581 viribus
1290 538 1418 594 aequi
1502 539 1590 580 230

157 614 184 633 “
202 613 304 654 Non
327 611 512 653 sumus?
577 610 663 664 En,
688 623 837 651 omnes
859 613 903 650 et
928 608 1060 651 Troes
1083 614 1128 650 et
1148 609 1342 651 Arcades
1365 610 1411 651 hi
1435 615 1539 652 sunt

157 683 183 703 ‘⁴
203 680 460 736 Fatalisque
483 694 654 734 manus,
680 679 850 721 infensa
872 679 1054 721 Etruria
1078 679 1240 722 Turno.

157 753 184 774 ‘⁶
203 753 294 795 Vix
314 753 499 806 hostem,
524 750 684 793 alterni
708 750 743 793 si
765 750 1108 807 congrediamur,
1133 750 1358 793 habemus,

157 824 182 845 “
208 824 289 866 Ille
312 823 492 879 quidem
515 822 571 864 ad
594 836 785 878 superos,
811 835 998 877 quorum
1021 835 1064 863 se
1089 822 1273 864 devovet
1296 821 1393 864 aris.

157 895 184 916 “
201 895 416 939 Succedet
437 893 572 948 fama,
596 893 807 948 vivusque
830 906 907 948 per
927 906 1000 934 ora
1021 891 1187 934 feretur
1205 905 1217 946 3
1503 892 1591 936 235

157 967 184 987 “
201 967 293 1009 Nos
316 966 462 1022 patria
483 966 643 1008 amissa
665 964 854 1007 dominis
876 978 1027 1021 parere
1052 963 1249 1020 superbis

157 1037 186 1059 ‘⁶
207 1037 438 1094 Cogemur7
463 1036 539 1092 qui
559 1050 677 1078 nunc
701 1035 812 1077 lenti
835 1035 1110 1077 consedimus
1133 1034 1287 1078 arvis.’'

157 1108 340 1151 Talibus
363 1107 540 1150 incensa
563 1111 630 1149 est
647 1105 865 1162 juvenum
887 1105 1107 1147 sententia
1129 1104 1261 1147 dictis

156 1180 186 1222 J
191 1194 263 1222 am
283 1178 424 1235 magis
446 1183 580 1234 atque
599 1176 752 1233 magis,
778 1176 1001 1232 serpitque
1025 1190 1103 1232 per
1125 1175 1304 1232 agmina
1327 1189 1547 1230 murmur-3

158 1251 251 1308 Ipsi
272 1251 518 1293 Laurentes
540 1249 707 1291 mutati
729 1248 902 1305 ipsique
925 1247 1093 1303 Latini,
1503 1247 1592 1290 240

160 1322 246 1376 Qui
269 1322 350 1365 sibi
366 1320 462 1377 jam
486 1321 679 1376 requiem
701 1334 874 1376 pugnae
898 1320 1111 1375 rebusque
1135 1319 1323 1362 salutem

161 1394 419 1450 Sperabant⁷
446 1407 560 1434 nunc
585 1406 707 1433 arma
729 1391 884 1433 Volunt
907 1390 1145 1445 foedusque
1168 1396 1400 1447 precantur

159 1464 382 1506 Infectum
406 1470 450 1506 et
476 1463 615 1504 Turni
638 1466 799 1504 sortem
820 1461 1085 1503 miserantur
1107 1461 1320 1516 iniquam.

159 1535 243 1577 His
267 1534 388 1576 aliud
412 1533 554 1590 majus
576 1533 777 1576 Juturna
799 1532 1002 1588 adjungit
1025 1537 1069 1574 et
1093 1526 1183 1575 alt'o

162 1607 256 1649 Dat
280 1606 455 1662 signum
477 1606 607 1660 coelo,
628 1619 714 1660 quo
737 1619 824 1646 non
847 1604 1127 1660 praesentius
1148 1604 1293 1646 ullum
1504 1602 1593 1647 245

160 1677 376 1720 Turbavit
398 1681 571 1719 mentes
588 1676 744 1729 Italas,
768 1681 1050 1731 monstroque
1071 1674 1240 1718 fefellit.

159 1748 365 1804 Namque
387 1747 539 1790 volans
562 1747 693 1789 rubra
714 1746 862 1789 fulvus
884 1745 1010 1789 Jovis
1033 1746 1124 1789 ales
1145 1746 1192 1788 in
1214 1746 1370 1789 aethra

159 1819 356 1862 Litoreas
379 1818 580 1875 agitabat
603 1832 703 1862 aves
725 1818 990 1873 turbamque
1013 1822 1244 1860 sonantem

160 1889 365 1946 Agminis
388 1888 551 1944 aligeri,
576 1888 720 1931 subito
743 1902 883 1943 quum
904 1888 1054 1943 lapsus
1075 1888 1133 1930 acl
1153 1888 1294 1930 undas

163 1959 364 2015 Cycnum
387 1958 677 2000 excellentem
699 1957 885 2013 pedibus
908 1957 1024 2013 rapit
1046 1957 1271 2013 improbus
1293 1956 1430 2000 uncis.
1505 1957 1595 2001 250

161 2030 374 2073 Arrexere
401 2028 568 2071 animos
591 2028 712 2083 Itali,
738 2032 1011 2084 cunctaeque
1033 2028 1229 2071 volucres

164 2101 437 2145 Convertunt
459 2100 645 2142 elamore
666 2099 821 2155 fugam
835 2099 1066 2141 -mirabile
1091 2099 1218 2142 visu-
1230 2134 1241 2154 ‚

163 2172 445 2228 Aetheraque
467 2171 700 2213 obscurant
723 2171 891 2226 pennis,
915 2170 1175 2226 hostemque
1198 2185 1276 2227 per
1297 2185 1425 2214 auras

162 2243 306 2286 Facta
328 2243 443 2285 nube
466 2245 690 2299 premunt,
718 2242 852 2284 donec
876 2242 920 2284 vi
936 2242 1081 2285 victus
1104 2248 1148 2284 et
1170 2242 1265 2299 ipso

164 2316 358 2358 Pondere
381 2313 557 2370 defecit,
581 2313 877 2371 praedamque
899 2328 954 2356 ex
976 2314 1199 2370 unguibus
1222 2313 1312 2356 ales
1507 2313 1595 2356 255

164 2385 351 2441 Projccit
373 2383 521 2440 fluvio,
546 2383 811 2440 penitusque
836 2383 881 2425 in
903 2384 1054 2426 nubila
1076 2384 1202 2441 fugit.

165 2457 283 2499 Tum
304 2471 403 2499 vero
426 2455 663 2511 augurium
686 2454 847 2497 Rutuli
870 2455 1054 2498 clamore
1079 2455 1292 2510 salutant,

166 2527 509 2584 Expediuntque
532 2540 700 2581 manus,
725 2526 976 2582 prhnusque
1002 2525 1264 2569 Tolumnius
1287 2540 1429 2583 augur

168 2598 192 2620 “
213 2599 308 2642 Hoc
333 2603 442 2654 erat,
466 2597 562 2651 hoe,
587 2596 738 2640 votis'’
761 2596 906 2653 inquit
934 2597 962 2617 ‘⁶
981 2597 1098 2654 quod
1117 2610 1244 2653 saepe
1268 2596 1430 2653 petivi:
