1757 2916
169 122 252 165 146
651 136 878 165 AENEIDOS
902 119 996 166 ‘Lm
1034 137 1093 166 VI.

165 242 192 263 ‘⁶
213 243 415 297 Quantos
437 243 510 286 illc
533 243 677 286 virum
699 258 908 301 magnam
932 244 1143 288 Mavortis
1167 244 1224 286 ad
1246 243 1403 286 urbem

164 313 191 334 ‘⁶
212 313 407 370 Campus
430 320 531 371 aget
553 314 747 371 gemitus
766 328 777 368 3
812 315 881 356 vel
903 329 1029 370 quae,
1055 314 1273 369 Tiberine,
1297 313 1465 356 videbis

165 384 191 405 ‘⁶
211 384 401 440 Funera,
426 399 565 440 quum
588 385 813 427 tumulum
835 386 1152 441 praeterlabere
1175 390 1396 427 recentem
1418 387 1426 428 Ξ

165 456 190 476 “
207 456 250 498 N
255 469 302 499 ec
326 471 434 512 puer
457 456 595 498 Iliaca
618 456 854 512 quisquam
878 456 931 498 (le
955 461 1085 512 gente
1109 456 1293 499 Latinos
1512 452 1601 498 875

164 528 190 548 ‘⁴
207 528 262 570 In
285 533 466 570 tantum
489 541 564 583 spe
587 527 713 569 tollet
736 541 851 581 avos,
876 541 956 569 nec
981 527 1174 569 Romula
1197 528 1420 582 quondam

164 600 189 619 “
207 598 312 641 Ullo
336 612 380 640 se
405 603 583 639 tantum
606 597 737 639 tellus
755 596 947 652 jactabit
970 597 1160 640 alumno.

164 668 191 689 ‘⁶
213 668 313 710 Heu
335 669 492 725 pietas,
516 667 602 709 heu
625 667 765 723 prisca
786 667 908 723 fides,
931 667 1183 723 invictaque
1205 667 1321 710 bello

163 739 190 761 ‘⁴
212 738 433 783 Dextera!
469 753 557 780 non
577 738 643 780 illi
665 752 709 781 se
733 738 970 795 quisquam
991 738 1174 795 impune
1198 737 1376 781 tulisset

163 802 190 829 ‘⁶
213 808 380 852 Obvius
403 813 589 864 armato,
615 822 691 850 seu
713 823 853 864 quum
876 809 1009 865 pedes
1031 809 1115 851 iret
1136 809 1182 851 in
1204 808 1392 863 hostem,
1511 807 1601 850 880

163 880 192 902 “
210 880 296 924 Seu
318 880 568 937 spumantis
592 880 694 936 equi
715 879 884 923 foderet
908 880 1150 923 calcaribus
1173 894 1327 923 armos.

163 952 190 973 “
209 952 326 1007 Heu,
349 951 592 995 miserande
615 966 736 1008 puer,
763 951 798 994 si
821 966 908 1007 qua
929 951 1025 994 sata
1047 965 1200 1007 aspera
1223 964 1421 1009 rumpas,

163 1022 191 1044 ‘⁶
211 1023 283 1065 Tu
305 1022 540 1065 Marcellus
563 1022 656 1065 eris.
723 1022 932 1065 Manibus
954 1023 1056 1065 date
1078 1021 1171 1064 lilia
1193 1022 1336 1078 plenis
1357 1037 1366 1075 3

163 1093 191 1115 ’Ὗ
209 1093 460 1150 Purpureos
483 1108 686 1150 spargam
710 1094 848 1148 flores,
873 1093 1155 1150 animamque
1177 1092 1350 1149 nepotis

165 1165 192 1186 ‘⁶
211 1165 294 1209 His
318 1166 475 1208 saltem
497 1166 774 1208 accumulem
797 1166 934 1221 (lonis,
960 1171 1003 1208 et
1025 1166 1186 1222 fungar
1206 1164 1325 1207 inani
1511 1163 1600 1207 885

164 1236 190 1257 “
208 1236 430 1280 Munere.’'
497 1237 567 1280 Sic
590 1241 687 1279 tota
710 1237 872 1294 passim
895 1237 1066 1294 regione
1089 1241 1307 1293 vagantur

163 1306 296 1351 Aeris
318 1308 365 1350 in
387 1308 554 1364 campis
576 1308 695 1364 latis,
720 1313 855 1364 atque
878 1308 1024 1351 onmia
1045 1309 1253 1350 lustrant.

165 1378 288 1432 Quae
310 1383 547 1435 postquam
569 1378 785 1421 Anchises
807 1384 965 1421 natum
988 1393 1066 1435 per
1088 1378 1261 1435 singula
1283 1376 1429 1431 duxit,

163 1449 456 1505 Incenditque
480 1449 681 1491 animum
701 1449 844 1492 famae
865 1450 1085 1492 venientis
1108 1463 1254 1492 amore
1271 1462 1282 1502 3

161 1520 282 1563 Exin
303 1520 418 1563 bella
441 1520 530 1562 viro
552 1525 780 1576 memorat,
806 1535 918 1576 quae
941 1520 1099 1563 deinde
1122 1519 1325 1577 gerenda,
1512 1518 1603 1561 890

161 1590 491 1647 Laurentesque
514 1591 641 1633 docet
664 1592 847 1648 populos
868 1592 1109 1648 urbemque
1131 1588 1298 1643 Latini,

119 1690 127 1698 -
160 1661 222 1704 Et
245 1676 331 1718 quo
354 1675 573 1718 quemque
595 1663 723 1705 modo
745 1661 976 1719 fugiatque
996 1661 1195 1718 feratque
1216 1660 1420 1703 laborem.

254 1733 370 1777 Sunt
392 1733 594 1789 geminae
620 1732 772 1776 Somni
794 1738 959 1790 portae,
985 1747 1174 1790 quarum
1196 1731 1336 1774 altera
1358 1730 1499 1773 fertur

162 1803 343 1859 Cornea,
369 1818 455 1859 qua
476 1803 587 1846 veris
609 1803 748 1847 facilis
771 1805 903 1847 datur
924 1804 1072 1847 exitus
1094 1802 1277 1847 Umbris
1298 1815 1309 1855 ;

161 1874 319 1917 Altera
341 1874 547 1937 canckenti
568 1874 765 1930 perfecta
786 1875 934 1917 nitens
957 1874 1207 1930 elephante,
1513 1870 1602 1913 895

163 1945 248 1988 Sed
269 1944 379 1987 falsa
401 1944 458 1986 ad
481 1944 652 1987 coelum
673 1945 866 1987 mittunt
889 1944 1106 1988 insomnia
1128 1944 1297 1986 Manes.

162 2014 246 2057 His
267 2014 346 2057 ubi
368 2019 468 2057 tum
491 2019 650 2056 natum
672 2014 887 2058 Anchises
909 2029 1086 2072 unaque
1112 2015 1328 2071 Sibyllam

163 2085 449 2142 Prosequitur
470 2085 615 2141 (lictis,
640 2091 854 2143 portaque
877 2086 1048 2129 emittit
1070 2087 1238 2128 eburna
1261 2099 1272 2139 3

162 2156 244 2199 Ille
267 2157 386 2199 viam
408 2161 527 2199 secat
550 2157 607 2199 acl
629 2172 760 2200 naves
784 2158 1004 2214 sociosque
1027 2158 1192 2214 revisit,

163 2229 281 2271 Tum
304 2243 347 2271 se
370 2229 426 2272 ad
451 2228 628 2273 Caietae
651 2234 769 2273 recto
790 2230 874 2273 sert
896 2231 1037 2273 limite
1061 2235 1252 2288 portum.
1512 2226 1600 2272 900

163 2300 337 2346 Ancora
358 2301 411 2344 de
434 2315 560 2358 prora
576 2300 741 2358 jacitur
759 2315 771 2357 ;
807 2307 929 2345 stant
951 2301 1077 2345 litore
1101 2314 1284 2359 puppes.
