1778 2937
222 153 276 197 16
741 164 974 196 AENEIDos
1006 166 1093 198 ΜΒ.
1129 167 1157 197 1.

221 273 373 328 Qualis
395 288 499 331 apes
521 278 690 318 aestate
713 289 825 317 nova
841 289 919 331 per
940 274 1073 318 florea
1096 289 1195 317 rura

220 345 409 388 Exercet
432 345 513 389 sub
536 346 623 389 sole
645 345 780 402 labor,
809 360 950 403 quum
970 345 1115 404 gentis
1137 346 1313 389 adultos

224 417 440 460 Educunt
462 417 595 473 fetus,
621 422 700 460 aut
725 432 865 474 quum
881 418 1098 474 liquentia
1120 417 1253 460 mella

224 488 405 545 Stipant
429 493 474 531 et
497 488 619 532 dulci
640 489 903 532 distendunt
926 494 1106 532 nectare
1129 489 1277 544 cellas,

220 561 318 604 Aut
335 575 466 603 onera
488 560 714 617 accipiunt
736 560 1010 616 venientum,
1034 565 1114 603 aut
1132 559 1307 617 agmine
1329 559 1452 603 facto

221 632 442 689 Ignavum
457 632 581 675 fucos
604 646 737 688 pecus
760 647 786 674 a
808 631 1092 688 praesepibus
1115 636 1267 674 arcent
1284 645 1295 686 3

220 703 380 745 Fervet
399 717 521 760 opus,
546 703 829 758 redolentque
852 702 1005 758 thymo
1026 701 1270 759 fragrantia
1292 701 1436 745 mella.

223 773 250 793 ‘⁶
266 773 302 816 O
326 773 556 829 fortunati,
577 787 763 829 quorum
781 772 878 830 jam
898 772 1072 816 moenia
1095 778 1284 830 surgunt
1306 777 1316 818 1
1337 774 1363 792 '²

223 844 394 887 Aeneas
417 844 494 900 ait,
520 849 565 887 et
586 844 767 902 fastigia
790 845 974 902 suspicit
991 844 1125 889 urbis.

222 915 363 958 Infert
386 930 430 958 se
453 920 606 973 septus
627 916 1014 959 nebula-mirabile
1032 917 1180 960 dict-u-

222 986 307 1030 Per
327 987 506 1043 medios,
531 987 778 1044 miscetque
800 988 919 1044 viris,
943 1003 1085 1045 neque
1108 988 1308 1032 cernitur
1328 988 1420 1032 ulli.

312 1058 462 1101 Lucus
477 1059 524 1101 in
545 1058 652 1101 urbe
672 1059 761 1101 fuit
783 1060 945 1114 media,
969 1059 1238 1103 laetissimus
1259 1060 1432 1116 umbra,

224 1130 321 1184 Quo
343 1130 549 1187 primum,
568 1130 732 1187 jactati
754 1131 885 1174 undis
907 1137 953 1174 et
975 1131 1168 1188 turbine,
1194 1131 1334 1175 Poeni

222 1200 423 1244 Effodere
445 1201 538 1245 loco
561 1202 750 1259 signum,
776 1203 893 1259 quod
915 1203 1034 1260 regia
1055 1203 1087 1246 J
1091 1218 1179 1246 uno

223 1271 506 1328 Monstrarat,
526 1279 662 1330 caput
685 1273 795 1316 acris
818 1274 945 1330 equi:
981 1273 1041 1318 sic
1060 1288 1166 1316 nam
1187 1274 1276 1317 fore
1297 1263 1421 1317 bello>

222 1343 459 1400 Egregiam
482 1349 527 1387 et
548 1345 723 1387 facilem
745 1344 868 1388 victu
890 1360 967 1402 per
988 1346 1164 1388 saecula
1185 1351 1378 1402 gentem.
1396 1373 1423 1387 κ.

224 1414 311 1457 Hic
334 1415 556 1472 templum
577 1415 748 1459 Junoni
770 1416 925 1474 ingens
950 1416 1130 1461 Sidonia
1154 1416 1271 1460 Dido

225 1486 470 1543 Condebat,
494 1487 619 1530 donis
641 1488 904 1544 opulentum
926 1493 971 1531 et
992 1488 1175 1531 numine
1197 1488 1341 1545 divae,

223 1558 365 1601 Aerea
388 1558 461 1601 cui
482 1559 692 1615 gradibus
716 1560 956 1616 surgebant
979 1559 1149 1615 limina,
1174 1574 1403 1616 nexaeque

223 1629 336 1672 Aere
360 1629 520 1685 trabes,
544 1629 710 1673 foribus
733 1630 863 1674 cardo
885 1630 1102 1673 stridebat
1125 1631 1288 1675 ahenis.

222 1700 319 1743 Hoc
344 1700 539 1757 primum
560 1701 607 1743 in
627 1702 726 1745 luco
750 1716 862 1745 nova
884 1716 951 1745 res
972 1702 1123 1745 oblata
1145 1702 1351 1746 timorem

223 1773 384 1828 Leniit,
408 1773 481 1815 hic
505 1773 701 1829 primum
724 1773 898 1817 Aeneas
922 1788 1095 1831 sperare
1119 1774 1313 1817 salutem

224 1844 389 1900 Ausus,
413 1849 457 1886 et
481 1843 657 1887 afflictis
679 1845 836 1888 melius
859 1845 1076 1888 confidere
1099 1845 1252 1890 rebus:

226 1915 434 1970 Namque
458 1915 540 1957 sub
561 1915 733 1972 ingenti
753 1915 917 1958 lustrat
940 1916 1047 1958 dum
1070 1916 1243 1973 singula
1265 1917 1449 1975 templo,

225 1985 443 2042 Reginam
462 1986 704 2042 opperiens,
727 1987 849 2042 dum,
875 2001 988 2043 quae
1009 1987 1191 2030 fortuna
1209 1987 1267 2030 sit
1290 1989 1402 2045 urbi,

225 2056 551 2113 Artificumque
573 2071 732 2100 manus
755 2058 870 2100 inter
888 2072 932 2101 se
955 2072 1226 2115 operumque
1248 2059 1442 2102 laborem

225 2128 428 2184 Miratur,
448 2129 570 2172 videt
593 2129 755 2173 Iliacas
777 2144 832 2172 ex
853 2130 1003 2172 ordine
1027 2144 1201 2188 pugnas

226 2200 437 2257 Bellaque
454 2199 549 2257 jam
569 2200 689 2244 fama
711 2206 861 2245 totum
883 2202 1066 2259 vulgata
1088 2217 1165 2259 pcr
1186 2203 1350 2261 orbem,

225 2271 408 2316 Atridas
432 2272 751 2330 Priamumque
774 2279 818 2317 et
841 2288 1023 2317 saevum
1046 2274 1259 2318 ambobus
1281 2275 1502 2320 Achillen.

1576 272 1667 317 430

1575 630 1665 675 435

1577 988 1668 1032 440

1578 1345 1667 1390 445

1578 1703 1668 1748 450

1577 2061 1667 2106 455

226 2343 440 2387 Constitit
463 2350 507 2387 et
528 2345 764 2389 lacrimans
787 2344 942 2400 “Quis
958 2345 1053 2403 jam
1074 2347 1230 2390 locus''
1255 2347 1402 2403 inquit
1429 2347 1458 2369 “
1474 2348 1664 2405 Achate,

226 2414 254 2436 “
275 2416 396 2469 Quae
414 2416 530 2473 regio
550 2416 598 2460 in
619 2417 745 2461 terris
766 2418 906 2461 nostri
927 2433 1013 2461 non
1035 2419 1166 2475 plena
1188 2419 1346 2462 laboris
1366 2421 1387 2462 Ρ

226 2485 252 2506 “
271 2486 342 2529 En
366 2487 571 2531 Priamus
592 2492 601 2533 1
641 2488 756 2532 Sunt
772 2488 843 2532 hic
866 2489 1004 2531 etiam
1028 2504 1107 2532 sua
1129 2490 1325 2546 praemia
1344 2490 1470 2534 laudi
1488 2506 1499 2543 ς

227 2557 254 2578 “
273 2558 387 2601 Sunt
403 2558 609 2602 lacrimae
631 2573 790 2616 rerum,
815 2565 860 2603 et
882 2566 1080 2603 mentem
1104 2560 1310 2604 mortalia
1334 2567 1542 2618 tangunt.

1574 2420 1664 2465 460

226 2628 252 2648 ‘²
274 2629 399 2673 Solve
421 2636 568 2674 metus
590 2643 600 2674 ε
634 2631 744 2674 feret
766 2631 874 2674 haec
898 2631 1097 2688 aliquam
1122 2632 1200 2675 tibi
1225 2633 1345 2676 fama
1368 2634 1604 2679 salut-em.''
