1741 2902
582 165 812 196 AENEmos
844 165 930 195 mn.
965 164 1062 193 vin.
1458 149 1538 191 181

125 276 430 332 Hylaeumque
454 273 746 328 Pholumque,
770 285 919 326 manu,
942 275 996 313 tu
1019 268 1166 313 Cresia
1187 259 1356 310 mactas

124 346 328 403 Prodigia
351 349 394 387 et
418 349 595 386 vastum
618 342 786 385 Nemea
808 341 888 384 sub
911 354 1017 396 rupe
1040 340 1224 393 leonem,
1458 337 1547 380 295

123 417 187 459 Te
214 415 357 472 Stygii
378 421 591 457 tremuere
613 413 749 468 lacus,
774 418 817 455 te
835 411 1001 468 janitor
1027 409 1130 453 Orci

125 486 236 530 Ossa
259 500 388 541 super
409 484 619 526 recubans
641 488 767 525 antro
790 482 971 524 semiesa
993 485 1184 523 cruento.

124 556 215 600 Nec
238 562 282 598 te
306 556 420 598 ullae
441 555 586 609 facies,
611 568 697 596 non
720 553 875 596 terruit
897 552 988 608 ipse
1013 549 1262 607 Typhoeus,

124 628 302 670 Arduus
325 641 446 669 arma
468 631 637 679 tenens,
662 640 750 667 non
773 630 816 666 te
839 623 1017 666 rationis
1041 627 1241 679 egentem

124 697 344 740 Lernaeus
367 697 498 739 turba
521 695 717 751 capitum
740 693 1032 737 circumstetit
1055 692 1222 749 anguis.
1459 689 1548 734 300

127 769 268 822 Salve,
293 782 393 810 vera
415 767 446 809 J
451 767 540 809 ovis
563 766 717 822 proles,
742 766 872 808 decus
894 764 1042 807 addite
1060 763 1182 818 divis,

126 841 186 883 Et
208 855 284 882 nos
307 845 351 882 et
374 845 452 881 tua
474 839 626 880 dexter
647 837 719 879 adi
741 837 850 893 pede
874 851 994 878 sacra
1017 835 1215 878 secundo.

126 911 252 953 Talia
275 909 537 952 carminibus
560 908 803 959 celebrant3
840 921 967 962 super
988 906 1133 947 omnia
1157 905 1262 948 Caci

127 982 391 1038 Speluncam
413 979 626 1035 adjiciunt
650 977 976 1033 spirantemque
997 976 1172 1032 ignibus
1193 976 1350 1032 ipsum.

127 1053 347 1096 Consonat
370 1064 494 1093 omne
516 1064 670 1091 nemus
694 1048 896 1104 strepitu,
920 1047 1134 1102 collesque
1157 1046 1385 1088 resultant.
1463 1045 1551 1087 305

217 1122 336 1165 Exin
362 1137 404 1164 se
428 1120 579 1163 cuncti
601 1118 759 1162 divinis
782 1118 909 1160 rebus
932 1118 988 1160 ad
1010 1118 1162 1159 urbem

127 1193 334 1236 Perfectis
355 1192 558 1235 referunt.
623 1190 725 1232 Ibat
747 1203 823 1231 rex
844 1189 1011 1232 obsitus
1033 1202 1150 1242 aevo,

127 1265 187 1306 Et
210 1263 416 1306 comitem
437 1262 621 1305 Aenean
639 1261 771 1316 juxta
792 1266 1033 1315 natumque
1055 1259 1234 1301 tenebat

127 1334 393 1391 Ingrediens,
417 1333 621 1388 varioque
644 1332 764 1373 viam
786 1344 978 1373 sermone
998 1330 1187 1372 levabat.

129 1406 318 1447 Miratur
338 1404 573 1459 facilesque
597 1402 741 1445 oculos
762 1402 847 1444 fert
871 1400 1016 1444 omnia
1038 1401 1202 1443 circum
1465 1397 1553 1451 310

132 1475 318 1529 Aeneas,
343 1474 600 1530 capiturque
622 1473 740 1528 locis,
764 1478 808 1514 et
831 1472 1003 1528 singula
1024 1472 1167 1513 laetus

132 1545 423 1601 Exquiritque
445 1545 655 1599 auditque
676 1543 819 1585 virum
841 1546 1127 1585 monumenta
1148 1541 1352 1597 priorum.

133 1617 250 1659 Tum
273 1629 349 1656 rex
371 1614 615 1668 Evandrus,
640 1613 864 1655 Romanae
886 1612 1081 1655 conditor
1103 1611 1236 1654 arcis:

133 1687 158 1707 ‘⁴
179 1686 299 1728 Haec
323 1699 496 1727 nemora
517 1684 748 1740 indigenae
771 1683 917 1725 Fauni
938 1682 1244 1738 nymphaeque
1268 1681 1490 1734 tenebant,

133 1756 159 1777 ‘⁴
181 1756 387 1812 Gensque
408 1756 553 1797 virum
574 1755 741 1797 truncis
764 1759 809 1796 et
828 1754 936 1796 duro
958 1754 1103 1796 robore
1125 1758 1244 1807 nata,
1469 1751 1556 1792 315

133 1827 161 1848 ‘⁴
182 1827 286 1880 Quis
309 1841 449 1882 neque
472 1841 564 1869 mos
586 1840 725 1881 neque
749 1825 894 1868 cultus
917 1829 1023 1879 erat,
1047 1838 1126 1866 nec
1143 1823 1328 1879 jungere
1350 1827 1498 1864 tauros

134 1897 161 1919 “
179 1898 277 1940 Aut
299 1911 556 1953 componere
579 1911 680 1952 opes
701 1900 874 1950 norant,
899 1900 978 1937 aut
1000 1908 1172 1950 parcere
1191 1898 1316 1949 parto
1336 1907 1347 1947 3

135 1969 161 1990 ‘⁴
181 1969 265 2012 Sed
287 1968 400 2010 rami
421 1973 554 2023 atque
576 1982 702 2024 asper
722 1966 846 2009 victu
866 1972 1052 2008 venatus
1074 1965 1230 2008 alebat.

135 2038 163 2060 ‘⁶
182 2039 360 2081 Primus
381 2039 438 2081 ab
461 2038 653 2080 aetherio
675 2037 796 2080 venit
821 2037 1038 2081 Saturnus
1066 2035 1270 2091 Olympo,

135 2109 162 2130 ‘⁴
178 2110 317 2152 Arma
339 2109 370 2152 J
374 2109 464 2152 ovis
479 2108 652 2165 fugiens
675 2113 720 2150 et
742 2108 882 2164 regnis
906 2108 1030 2149 exsul
1052 2106 1266 2149 ademtis:
1474 2104 1561 2145 320

137 2179 165 2201 “
185 2180 230 2222 Is
252 2193 389 2236 genus
409 2179 595 2221 indocile
617 2193 666 2220 ac
690 2179 935 2234 dispersum
956 2177 1180 2219 montibus
1203 2175 1304 2218 altis

137 2249 165 2270 “
186 2248 456 2305 Composuit,
480 2249 682 2304 legesque
704 2247 841 2302 dedit,
865 2247 1134 2301 Latiumque
1155 2245 1300 2287 vocari

138 2320 163 2341 ‘⁶
183 2319 358 2374 Maluit,
383 2319 450 2361 his
473 2318 679 2374 quoniam
699 2316 903 2359 latuisset
927 2321 1053 2358 tutus
1075 2315 1121 2357 in
1143 2315 1238 2358 oris.

137 2390 167 2414 ‘⁴
182 2391 330 2432 Aurea
352 2391 465 2445 quae
487 2388 730 2445 perhibent,
754 2386 827 2429 illo
849 2387 929 2429 sub
952 2400 1048 2442 rege
1071 2385 1189 2427 fuere

140 2460 166 2482 ‘⁴
187 2461 370 2504 Saecula
390 2475 399 2504 :
435 2460 494 2502 sic
517 2459 691 2516 placida
713 2457 896 2514 populos
918 2457 964 2498 in
984 2470 1092 2513 pace
1115 2454 1307 2511 regebat,
1477 2452 1565 2495 325

142 2529 169 2552 “
189 2530 389 2573 Deterior
409 2530 541 2572 donec
566 2528 798 2585 paullatim
820 2541 870 2569 ac
894 2527 1060 2569 decolor
1082 2531 1204 2567 aetas

93 2596 105 2604 ”
143 2600 169 2621 “
189 2601 249 2643 Et
271 2600 375 2643 belli
398 2600 534 2642 rabies
558 2605 603 2642 et
627 2614 744 2642 amor
768 2597 975 2640 successit
997 2596 1189 2639 habendi
