1731 2923
614 144 844 174 AENEIDOS
874 144 962 176 LIB.
997 145 1059 175 VI.

138 254 375 310 Postquam
396 252 575 308 collapsi
596 251 772 307 cineres,
797 256 842 294 et
865 251 1044 294 flamma
1066 251 1232 307 quievit
1249 265 1260 306 3

136 324 357 379 Reliquias
379 323 477 364 vino
501 327 545 364 et
566 321 762 364 bibulam
783 322 926 364 lavere
947 321 1160 376 favillam,

137 394 331 450 Ossaque
354 394 470 436 lecta
492 394 599 435 cado
621 393 734 435 texit
758 392 1007 448 Corynaeus
1030 392 1179 434 aheno.

135 467 259 509 Idem
280 471 347 508 ter
369 465 500 508 socios
523 480 632 521 pura
654 464 926 506 circumtulit
948 464 1080 518 unda,

135 538 350 593 Spargens
373 550 463 578 rore
485 535 571 577 levi
592 540 636 577 et
659 549 777 577 ramo
799 534 936 577 felicis
960 534 1110 588 olivae,

136 607 448 662 Lustravitque
471 605 598 661 viros,
623 605 824 661 dixitque
847 605 1080 648 novissima
1101 605 1243 647 verba.

140 677 198 719 At
222 677 321 733 pius
343 677 515 719 Aeneas
536 677 706 733 ingenti
727 677 841 719 mole
865 676 1116 732 sepulcrum

136 747 348 803 Imponit,
374 761 536 802 suaque
559 761 680 788 arma
701 746 804 801 viro,
829 761 1085 802 remumque
1106 746 1365 802 tubamque,

137 818 288 859 Monte
311 817 391 860 sub
413 817 544 872 aerio,
568 816 646 877 qui
668 831 784 859 nunc
807 816 1002 859 Misenus
1025 817 1080 858 ab
1101 816 1176 859 illo

138 888 325 943 Dicitur,
350 893 665 943 aeternumque
689 892 810 929 tenet
833 901 909 943 per
931 888 1104 929 saecula
1125 902 1294 930 nomen.

230 957 313 1000 His
335 957 446 1000 actis
468 969 652 1014 propere·
669 957 924 1012 exsequitur
945 962 1180 1013 praecepta
1205 957 1406 1013 Sibyllae.

138 1028 358 1084 Spelunca
380 1028 473 1070 alta
494 1028 580 1069 fuit
602 1031 811 1083 vastoque
833 1027 1039 1069 immanis
1061 1027 1203 1081 hiatu,

139 1099 346 1155 Scrupea,
371 1104 472 1141 tuta
493 1099 594 1141 lacu
615 1098 738 1155 nigro
760 1112 1073 1154 nemorumque
1096 1097 1301 1152 tenebris,

139 1170 282 1223 Quam
305 1185 434 1226 super
455 1170 575 1212 haud
595 1170 710 1212 ullae
731 1173 936 1226 poterant
958 1169 1137 1225 impune
1159 1168 1359 1210 volantes

140 1241 337 1282 Tendere
358 1241 443 1283 iter
464 1240 645 1297 pennis:
680 1240 784 1282 talis
807 1253 898 1282 sese
920 1239 1087 1282 halitus
1110 1238 1217 1281 atris

139 1311 362 1355 Faucibus
385 1311 612 1354 effundens
636 1326 791 1367 supera
812 1311 870 1353 ad
892 1325 1083 1353 convexa
1104 1309 1271 1352 ferebat
1294 1322 1305 1363 ;

143 1380 296 1436 [Unde
317 1382 463 1425 locum
486 1381 610 1425 Graii
630 1381 837 1424 dixerunt
859 1380 1033 1423 nomine
1055 1380 1265 1437 Acmon]

78 1461 83 1464 '
142 1452 340 1504 Quatuor
360 1452 431 1494 hic
454 1452 646 1508 primum
666 1452 888 1508 nigrantes
911 1457 1033 1507 terga
1050 1450 1258 1507 juvencos

142 1521 403 1577 Constituit,
426 1522 648 1577 frontique
669 1521 856 1578 invergit
879 1521 981 1563 vina
999 1521 1208 1572 sacerdos,

142 1592 221 1648 Et,
246 1607 441 1634 summas
463 1606 642 1648 carpens
663 1591 808 1633 media
828 1591 943 1633 inter
964 1605 1124 1633 cornua
1146 1595 1276 1645 setas,

144 1663 328 1720 Ignibus
350 1662 538 1719 imponit
561 1662 707 1718 sacris,
730 1660 940 1704 libamina
963 1661 1119 1718 prima,

144 1733 261 1776 Voce
284 1748 442 1776 vocans
465 1733 667 1775 Hecaten
688 1733 890 1787 coeloque
912 1731 1141 1787 Ereboque
1163 1735 1403 1787 potentem.

145 1804 413 1860 Supponunt
436 1803 512 1845 alii
533 1803 710 1858 cultros,
734 1801 1022 1858 tepidumque
1045 1815 1240 1843 cruorem

146 1874 404 1930 Suscipiunt
426 1873 601 1930 pateris.
666 1873 767 1929 Ipse
789 1871 876 1914 atri
898 1872 1066 1915 velleris
1089 1886 1252 1928 agnam

145 1945 318 1988 Aeneas
340 1943 472 1986 matri
492 1943 794 1986 Eumenidum
815 1957 1087 2000 magnaeque
1111 1942 1240 1985 sorori

145 2016 262 2058 Ense
284 2014 399 2070 ferit,
425 2015 702 2070 sterilemque
725 2014 819 2070 tibi,
846 2014 1122 2071 Proserpina,
1146 2027 1352 2068 vaecam3

147 2086 266 2128 Tum
291 2085 441 2141 Stygio
463 2085 553 2141 regi
575 2090 812 2127 nocturnas
833 2083 1011 2127 inchoat
1033 2099 1143 2140 aras,

146 2155 208 2198 Et
232 2155 368 2197 solida
390 2154 580 2210 imponit
603 2160 832 2196 taurorum
855 2155 1017 2197 viscera
1038 2155 1243 2209 flammis,

148 2225 322 2281 Pingue
345 2238 475 2280 super
496 2224 641 2265 oleum
662 2223 896 2266 infundens
917 2224 1172 2266 ardentibus
1194 2223 1319 2266 extis.

149 2296 263 2339 Ecce
286 2301 450 2349 autem,
475 2293 606 2350 primi
628 2294 708 2336 sub
730 2293 898 2335 lumina
920 2293 1019 2336 solis
1041 2299 1085 2335 et
1108 2298 1243 2347 ortus,

151 2367 242 2411 Sub
265 2366 450 2422 pedibus
474 2365 642 2421 mugire
666 2364 806 2406 solum
828 2369 872 2406 et
890 2363 999 2420 juga
1020 2368 1174 2419 coepta
1195 2362 1366 2404 moveri

151 2438 384 2492 Silvarum,
409 2436 609 2491 visaeque
632 2449 760 2477 canes
782 2434 949 2476 ululare
972 2448 1048 2489 per
1068 2433 1285 2488 umbram,

154 2508 438 2550 Adventante
460 2507 552 2549 dea.
619 2505 646 2526 ‘⁶
666 2505 826 2547 Procul
848 2519 884 2559 o,
909 2504 1061 2560 procul
1083 2509 1188 2558 este,
1213 2503 1425 2560 profani,’'

154 2579 414 2623 Conclamat
437 2583 562 2620 vates
585 2577 613 2598 ‘⁶
630 2581 812 2633 totoque
834 2576 1037 2619 absistite
1061 2575 1160 2618 luco
1181 2589 1190 2628 3

1473 129 1560 175 127

1478 887 1566 930 235

1479 1237 1568 1280 240

1479 1587 1569 1632 245

1482 1941 1572 1984 250

1489 2292 1575 2335 255
