1741 2902
609 140 836 171 AENEIDos
868 141 953 172 LIB.
994 141 1035 171 x.
1452 129 1537 172 235

109 249 137 270 “
156 249 318 293 Gnatis
339 263 466 306 parce
489 249 603 292 tuis:
638 249 744 292 belli
765 249 1023 292 commercia
1048 249 1226 292 Turnus

108 319 136 340 “
157 320 348 364 Sustulit
370 319 456 363 ista
478 320 592 377 prior
607 319 703 375 jam
725 325 825 362 tum
847 321 1051 363 Pallante
1075 325 1281 377 peremto.

108 391 138 412 ‘⁶
158 391 252 434 Hoc
275 392 415 448 patris
438 392 657 434 Anchisae
680 392 847 449 Manes,
870 392 951 435 hoc
976 393 1110 435 sentit
1132 393 1299 436 Iulus.’'

109 463 179 506 Sic
203 463 325 505 fatus
347 463 520 519 galeam
541 463 664 505 laeva
687 469 822 518 tenet,
847 470 980 520 atque
1004 464 1165 507 reflexa
1451 465 1538 508 535

108 533 285 576 Cervice
309 534 472 577 orantis
495 535 652 591 capulo
675 540 806 577 tenus
828 535 1023 591 applicat
1047 550 1205 579 ensem.

106 604 199 646 Nec
223 605 375 660 procul
398 605 705 660 Haemonides,
732 606 898 649 Phoebi
922 606 1181 663 Triviaeque
1205 607 1416 663 sacerdos,

106 675 255 717 Insula
277 676 347 718 cui
370 691 489 718 sacra
513 677 744 719 redimibat
769 683 966 734 tempora
988 679 1116 734 vitta,

107 746 247 789 Totus
269 748 489 790 collucens
513 754 634 790 veste
658 754 790 804 atque
812 749 1055 806 insignibus
1079 749 1235 793 armis:

107 818 251 871 Quem
274 824 525 875 congressus
547 819 641 876 agit
663 835 833 877 campo,
857 821 1118 877 lapsumque
1143 827 1395 878 superstans
1447 821 1537 865 540

106 888 329 945 Immolat,
353 889 613 946 ingentique
636 891 791 932 umbra
813 891 925 947 tegit
945 905 957 945 ;
989 906 1114 945 arma
1139 885 1338 936 Serestus

107 960 245 1002 Lecta
266 961 395 1003 refert
415 960 622 1015 humeris,
648 960 744 1016 tibi,
769 975 844 1003 rex
867 961 1071 1017 Gradive,
1096 968 1336 1018 tropaeum.

105 1030 365 1072 Instaurant
388 1030 501 1073 acies
524 1030 716 1073 Vulcani
740 1031 874 1086 stirpe
898 1037 1070 1074 creatus

108 1099 322 1143 Caeculus
345 1106 389 1143 et
411 1101 587 1143 Veniens
610 1101 855 1144 Marsorum
876 1102 1100 1145 montibus
1124 1102 1306 1147 Umbro.

107 1170 381 1213 Dardanides
403 1176 553 1213 contra
573 1171 692 1215 furit.
758 1171 954 1215 Anxuris
977 1187 1076 1215 ense
1100 1173 1324 1216 sinistram
1449 1174 1538 1219 545

106 1241 169 1283 Et
191 1246 337 1283 totum
360 1241 489 1297 clipei
508 1241 623 1284 ferro
646 1241 859 1298 dejecerat
882 1243 1028 1285 orbem
1043 1257 1054 1297 ;
1068 1269 1087 1275 -

108 1311 293 1354 Dixerat
314 1312 387 1354 ille
411 1311 579 1368 aliquid
599 1327 823 1369 magnum,
847 1313 1024 1369 vimque
1046 1314 1177 1357 affore
1199 1316 1327 1358 verbo

108 1381 374 1438 Crediderat,
398 1383 602 1438 coeloque
624 1383 1026 1427 animumssfortasse
1048 1384 1228 1440 ferebat,

109 1451 416 1508 Canitiemque
440 1453 522 1496 sibi
543 1458 588 1495 et
610 1454 759 1510 longos
780 1454 1037 1510 promiserat
1059 1470 1195 1498 annos
1212 1470 1254 1509 ;-

109 1522 351 1578 Tarquitus
369 1524 595 1566 exsultans
618 1529 769 1566 contra
790 1524 1065 1581 fulgentibus
1088 1526 1233 1581 armis,
1272 1532 1284 1544 ⁶
1449 1528 1539 1570 550

110 1594 335 1637 silvicolae
357 1593 512 1637 Fauno
536 1594 711 1651 Dryope
733 1609 864 1651 quem
886 1596 1081 1651 nympha
1104 1602 1284 1652 crearat,

111 1664 280 1708 Obvius
301 1665 472 1707 ardenti
495 1679 584 1708 sese
607 1666 780 1709 obtulit.
845 1666 926 1708 Ille
948 1667 1129 1709 reducta

108 1734 315 1777 Loricam
337 1735 554 1792 clipeique
576 1735 729 1792 ingens
751 1751 860 1779 onus
883 1737 1070 1793 impedit
1091 1738 1234 1781 hasta.

109 1804 227 1847 Tum
250 1810 386 1861 caput
408 1806 572 1848 orantis
594 1804 894 1862 nequidquam
916 1812 960 1849 et
982 1807 1126 1850 multa
1148 1810 1346 1864 parantis

109 1875 263 1918 Dicere
285 1877 490 1919 deturbat
513 1881 666 1931 terrae,
690 1881 987 1933 truncumque
1010 1883 1238 1935 tepentem
1449 1882 1538 1925 555

108 1947 383 2003 Provolvens,
408 1963 537 2004 super
556 1948 666 1991 haec
689 1948 866 1991 inimico
888 1955 1062 2006 pectore
1084 1950 1206 1992 fatur
1227 1966 1236 1994 :

111 2017 138 2038 ‘⁴
159 2018 265 2061 Istic
288 2033 419 2074 nunc,
442 2020 690 2073 metuende,
710 2019 807 2076 jace
831 2024 840 2064 1
907 2020 1008 2063 Non
1031 2027 1076 2063 te
1097 2022 1267 2078 optima
1289 2028 1429 2065 mater

112 2089 138 2110 ‘⁴
159 2089 329 2132 Condet
351 2089 499 2144 humo,
524 2091 751 2146 patrioque
775 2091 973 2134 onerabit
995 2093 1190 2135 membra
1214 2094 1424 2149 sepulcro,

111 2159 139 2180 ‘⁶
157 2159 355 2201 Alitibus
376 2145 572 2215 linquere
593 2160 705 2215 feris,
730 2166 809 2202 aut
831 2162 1003 2217 gurgite
1026 2177 1219 2204 mersum

112 2230 137 2250 “
155 2229 290 2272 Unda
313 2228 434 2283 feret,
459 2229 682 2284 piscesque
704 2229 885 2285 impasti
906 2231 1086 2273 vulnera
1108 2232 1346 2274 lambent.”
1449 2232 1536 2275 560

111 2301 324 2343 Protenus
346 2300 573 2342 Antaeum
596 2306 640 2342 et
664 2300 846 2355 Lucam,
870 2301 1012 2356 prima
1035 2302 1212 2357 agmina
1237 2301 1388 2357 Turni,

111 2371 394 2427 Persequitur
414 2371 657 2426 fortemque
679 2369 877 2412 Numam
897 2370 1157 2426 ‘fulvumque
1183 2371 1446 2428 Camertem,

112 2442 395 2499 Magnanimo
417 2441 653 2484 Volscente
677 2447 839 2496 satum,
864 2441 1106 2484 ditissimus
1127 2442 1222 2499 agri

113 2513 200 2567 Qui
219 2512 307 2556 fuit
330 2512 609 2556 AusonidUm
631 2517 675 2554 et
697 2511 847 2554 tacitis
870 2512 1068 2569 regnavit
1089 2512 1298 2568 Amyclis.

118 2583 321 2641 Aegaeon
344 2583 500 2640 qualis,
524 2588 704 2640 centum
727 2582 798 2625 eui
821 2582 1000 2625 brachia
1021 2582 1175 2625 dicunt
1270 2592 1273 2594 “
1452 2585 1540 2629 565
