<?xml version="1.0" encoding="UTF-8"?>
<!DOCTYPE html PUBLIC "-//W3C//DTD XHTML 1.0 Transitional//EN"
    "http://www.w3.org/TR/xhtml1/DTD/xhtml1-transitional.dtd">
<html xmlns="http://www.w3.org/1999/xhtml" xml:lang="en" lang="en">
 <head>
  <title>
</title>
<meta http-equiv="Content-Type" content="text/html;charset=utf-8" />
  <meta name='ocr-system' content='tesseract 3.04.00' />
  <meta name='ocr-capabilities' content='ocr_page ocr_carea ocr_par ocr_line ocrx_word'/>
</head>
<body>
  <div class='ocr_page' id='page_1' title='image "aeneidfri00virguoft_0109.png"; bbox 0 0 1731 2923; ppageno 0'>
   <div class='ocr_carea' id='block_1_1' title="bbox 603 109 1545 155">
    <p class='ocr_par' dir='ltr' id='par_1_1' title="bbox 603 109 1545 155">
     <span class='ocr_line' id='line_1_1' title="bbox 603 109 1545 155; baseline -0.004 0"><span class='ocrx_word' id='word_1_1' title='bbox 603 124 831 155; x_wconf 70' lang='lat' dir='ltr'>Armfflnos</span> <span class='ocrx_word' id='word_1_2' title='bbox 865 124 951 154; x_wconf 86' lang='lat' dir='ltr'><strong>LIB.</strong></span> <span class='ocrx_word' id='word_1_3' title='bbox 985 123 1046 153; x_wconf 89' lang='lat' dir='ltr'>1v.</span> <span class='ocrx_word' id='word_1_4' title='bbox 1488 109 1545 151; x_wconf 91' lang='lat'>83</span> 
     </span>
    </p>
   </div>
   <div class='ocr_carea' id='block_1_2' title="bbox 124 233 1594 2624">
    <p class='ocr_par' dir='ltr' id='par_1_2' title="bbox 124 233 1594 2404">
     <span class='ocr_line' id='line_1_2' title="bbox 125 233 1128 290; baseline -0.008 -11"><span class='ocrx_word' id='word_1_5' title='bbox 125 236 251 278; x_wconf 84' lang='lat' dir='ltr'>Talia</span> <span class='ocrx_word' id='word_1_6' title='bbox 272 236 490 279; x_wconf 74' lang='lat' dir='ltr'>dicentem</span> <span class='ocrx_word' id='word_1_7' title='bbox 506 233 772 290; x_wconf 85' lang='lat' dir='ltr'>jamdudum</span> <span class='ocrx_word' id='word_1_8' title='bbox 794 245 942 274; x_wconf 85' lang='lat' dir='ltr'>aversa</span> <span class='ocrx_word' id='word_1_9' title='bbox 964 235 1128 284; x_wconf 90' lang='lat' dir='ltr'>tuetur,</span> 
     </span>
     <span class='ocr_line' id='line_1_3' title="bbox 125 304 1200 359; baseline -0.008 -9"><span class='ocrx_word' id='word_1_10' title='bbox 125 308 226 350; x_wconf 88' lang='lat' dir='ltr'>Huc</span> <span class='ocrx_word' id='word_1_11' title='bbox 248 307 353 349; x_wconf 87' lang='lat' dir='ltr'>illuc</span> <span class='ocrx_word' id='word_1_12' title='bbox 377 307 550 349; x_wconf 79' lang='lat' dir='ltr'>volvens</span> <span class='ocrx_word' id='word_1_13' title='bbox 572 304 730 359; x_wconf 79' lang='lat' dir='ltr'>oculos,</span> <span class='ocrx_word' id='word_1_14' title='bbox 755 308 988 358; x_wconf 87' lang='lat' dir='ltr'>totumque</span> <span class='ocrx_word' id='word_1_15' title='bbox 1010 305 1200 357; x_wconf 73' lang='lat' dir='ltr'>pererrat</span> 
     </span>
     <span class='ocr_line' id='line_1_4' title="bbox 124 371 1172 431; baseline -0.006 -11"><span class='ocrx_word' id='word_1_16' title='bbox 124 378 387 420; x_wconf 89' lang='lat' dir='ltr'>Luminibus</span> <span class='ocrx_word' id='word_1_17' title='bbox 410 376 570 431; x_wconf 87' lang='lat' dir='ltr'>tacitis,</span> <span class='ocrx_word' id='word_1_18' title='bbox 596 380 640 417; x_wconf 87' lang='lat' dir='ltr'>et</span> <span class='ocrx_word' id='word_1_19' title='bbox 664 375 723 417; x_wconf 85' lang='lat' dir='ltr'>sic</span> <span class='ocrx_word' id='word_1_20' title='bbox 747 388 927 416; x_wconf 88' lang='lat' dir='ltr'>accensa</span> <span class='ocrx_word' id='word_1_21' title='bbox 949 371 1172 428; x_wconf 84' lang='lat' dir='ltr'>profatur:</span> 
     </span>
     <span class='ocr_line' id='line_1_5' title="bbox 126 439 1552 502; baseline -0.008 -11"><span class='ocrx_word' id='word_1_22' title='bbox 126 449 152 469; x_wconf 87' lang='lat'><strong>“</strong></span> <span class='ocrx_word' id='word_1_23' title='bbox 170 447 214 490; x_wconf 90' lang='lat' dir='ltr'>N</span> <span class='ocrx_word' id='word_1_24' title='bbox 217 463 263 490; x_wconf 90' lang='lat' dir='ltr'>ee</span> <span class='ocrx_word' id='word_1_25' title='bbox 286 447 367 490; x_wconf 88' lang='lat' dir='ltr'>tibi</span> <span class='ocrx_word' id='word_1_26' title='bbox 389 447 489 490; x_wconf 82' lang='lat' dir='ltr'>diva</span> <span class='ocrx_word' id='word_1_27' title='bbox 510 460 680 502; x_wconf 85' lang='lat' dir='ltr'>parens,</span> <span class='ocrx_word' id='word_1_28' title='bbox 704 444 871 501; x_wconf 82' lang='lat' dir='ltr'>generis</span> <span class='ocrx_word' id='word_1_29' title='bbox 893 457 971 485; x_wconf 86' lang='lat' dir='ltr'>nec</span> <span class='ocrx_word' id='word_1_30' title='bbox 994 442 1230 484; x_wconf 86' lang='lat' dir='ltr'>Dardanus</span> <span class='ocrx_word' id='word_1_31' title='bbox 1252 444 1417 495; x_wconf 91' lang='lat' dir='ltr'>auctor,</span> <span class='ocrx_word' id='word_1_32' title='bbox 1464 439 1552 481; x_wconf 81' lang='lat'>365</span> 
     </span>
     <span class='ocr_line' id='line_1_6' title="bbox 125 511 1291 572; baseline -0.008 -11"><span class='ocrx_word' id='word_1_33' title='bbox 125 518 153 539; x_wconf 73' lang='lat'>‘⁶</span> <span class='ocrx_word' id='word_1_34' title='bbox 172 518 341 560; x_wconf 81' lang='lat' dir='ltr'>Perfide</span> <span class='ocrx_word' id='word_1_35' title='bbox 363 531 374 572; x_wconf 89' lang='lat'>;</span> <span class='ocrx_word' id='word_1_36' title='bbox 409 517 482 559; x_wconf 88' lang='lat' dir='ltr'>sed</span> <span class='ocrx_word' id='word_1_37' title='bbox 504 515 624 558; x_wconf 85' lang='lat' dir='ltr'>duris</span> <span class='ocrx_word' id='word_1_38' title='bbox 645 515 799 572; x_wconf 80' lang='lat' dir='ltr'>genuit</span> <span class='ocrx_word' id='word_1_39' title='bbox 822 520 868 556; x_wconf 89' lang='lat' dir='ltr'>te</span> <span class='ocrx_word' id='word_1_40' title='bbox 891 513 1094 556; x_wconf 86' lang='lat' dir='ltr'>cautibus</span> <span class='ocrx_word' id='word_1_41' title='bbox 1114 511 1291 554; x_wconf 86' lang='lat' dir='ltr'>horrens</span> 
     </span>
     <span class='ocr_line' id='line_1_7' title="bbox 125 581 1340 644; baseline -0.006 -13"><span class='ocrx_word' id='word_1_42' title='bbox 125 588 154 609; x_wconf 85' lang='lat'><strong>“</strong></span> <span class='ocrx_word' id='word_1_43' title='bbox 174 588 410 644; x_wconf 78' lang='lat' dir='ltr'>Caucasus,</span> <span class='ocrx_word' id='word_1_44' title='bbox 435 587 756 642; x_wconf 77' lang='lat' dir='ltr'>Hyrcanaeque</span> <span class='ocrx_word' id='word_1_45' title='bbox 779 585 1014 628; x_wconf 75' lang='lat' dir='ltr'>admorunt</span> <span class='ocrx_word' id='word_1_46' title='bbox 1037 583 1172 625; x_wconf 89' lang='lat' dir='ltr'>ubera</span> <span class='ocrx_word' id='word_1_47' title='bbox 1194 581 1340 638; x_wconf 78' lang='lat' dir='ltr'>tigres.</span> 
     </span>
     <span class='ocr_line' id='line_1_8' title="bbox 126 651 1504 716; baseline -0.009 -12"><span class='ocrx_word' id='word_1_48' title='bbox 126 659 154 681; x_wconf 88' lang='lat'><strong>“</strong></span> <span class='ocrx_word' id='word_1_49' title='bbox 174 659 292 702; x_wconf 85' lang='lat' dir='ltr'>Nam</span> <span class='ocrx_word' id='word_1_50' title='bbox 314 660 420 716; x_wconf 88' lang='lat' dir='ltr'>quid</span> <span class='ocrx_word' id='word_1_51' title='bbox 442 658 682 712; x_wconf 85' lang='lat' dir='ltr'>dissimulo,</span> <span class='ocrx_word' id='word_1_52' title='bbox 706 662 784 699; x_wconf 91' lang='lat' dir='ltr'>aut</span> <span class='ocrx_word' id='word_1_53' title='bbox 808 670 918 712; x_wconf 88' lang='lat' dir='ltr'>quae</span> <span class='ocrx_word' id='word_1_54' title='bbox 942 669 1011 696; x_wconf 87' lang='lat' dir='ltr'>me</span> <span class='ocrx_word' id='word_1_55' title='bbox 1034 654 1091 696; x_wconf 85' lang='lat' dir='ltr'>ad</span> <span class='ocrx_word' id='word_1_56' title='bbox 1113 653 1276 709; x_wconf 81' lang='lat' dir='ltr'>majora</span> <span class='ocrx_word' id='word_1_57' title='bbox 1299 665 1464 693; x_wconf 83' lang='lat' dir='ltr'>reservo</span> <span class='ocrx_word' id='word_1_58' title='bbox 1484 651 1504 692; x_wconf 72' lang='grc' dir='ltr'>Ρ</span> 
     </span>
     <span class='ocr_line' id='line_1_9' title="bbox 126 722 1550 788; baseline -0.009 -13"><span class='ocrx_word' id='word_1_59' title='bbox 126 731 154 752; x_wconf 81' lang='grc'><strong>“</strong></span> <span class='ocrx_word' id='word_1_60' title='bbox 170 731 294 774; x_wconf 86' lang='lat' dir='ltr'>Num</span> <span class='ocrx_word' id='word_1_61' title='bbox 314 732 424 774; x_wconf 89' lang='lat' dir='ltr'>fletu</span> <span class='ocrx_word' id='word_1_62' title='bbox 445 730 662 788; x_wconf 84' lang='lat' dir='ltr'>ingemuit</span> <span class='ocrx_word' id='word_1_63' title='bbox 684 733 830 771; x_wconf 88' lang='lat' dir='ltr'>nostro</span> <span class='ocrx_word' id='word_1_64' title='bbox 845 729 866 771; x_wconf 75' lang='grc' dir='ltr'><em>Ρ</em></span> <span class='ocrx_word' id='word_1_65' title='bbox 902 741 1010 769; x_wconf 90' lang='lat' dir='ltr'>num</span> <span class='ocrx_word' id='word_1_66' title='bbox 1031 725 1200 768; x_wconf 89' lang='lat' dir='ltr'>lumina</span> <span class='ocrx_word' id='word_1_67' title='bbox 1221 722 1345 766; x_wconf 76' lang='lat' dir='ltr'>flexit</span> <span class='ocrx_word' id='word_1_68' title='bbox 1362 723 1382 765; x_wconf 69' lang='lat' dir='ltr'><em>P</em></span> <span class='ocrx_word' id='word_1_69' title='bbox 1464 722 1550 763; x_wconf 76' lang='lat'>369</span> 
     </span>
     <span class='ocr_line' id='line_1_10' title="bbox 127 793 1549 854; baseline -0.008 -9"><span class='ocrx_word' id='word_1_70' title='bbox 127 802 154 823; x_wconf 73' lang='lat'>‘⁴</span> <span class='ocrx_word' id='word_1_71' title='bbox 174 803 297 845; x_wconf 86' lang='lat' dir='ltr'>Num</span> <span class='ocrx_word' id='word_1_72' title='bbox 318 802 522 845; x_wconf 82' lang='lat' dir='ltr'>lacrimas</span> <span class='ocrx_word' id='word_1_73' title='bbox 538 801 682 843; x_wconf 84' lang='lat' dir='ltr'>Victus</span> <span class='ocrx_word' id='word_1_74' title='bbox 700 799 836 854; x_wconf 88' lang='lat' dir='ltr'>dedit,</span> <span class='ocrx_word' id='word_1_75' title='bbox 854 804 933 841; x_wconf 89' lang='lat' dir='ltr'>aut</span> <span class='ocrx_word' id='word_1_76' title='bbox 951 798 1183 840; x_wconf 84' lang='lat' dir='ltr'>miseratus</span> <span class='ocrx_word' id='word_1_77' title='bbox 1201 799 1429 837; x_wconf 87' lang='lat' dir='ltr'>amantem</span> <span class='ocrx_word' id='word_1_78' title='bbox 1446 797 1511 835; x_wconf 86' lang='lat' dir='ltr'>est</span> <span class='ocrx_word' id='word_1_79' title='bbox 1529 793 1549 835; x_wconf 75' lang='grc' dir='ltr'><em>Ρ</em></span> 
     </span>
     <span class='ocr_line' id='line_1_11' title="bbox 125 862 1550 929; baseline -0.007 -13"><span class='ocrx_word' id='word_1_80' title='bbox 125 872 153 894; x_wconf 75' lang='grc'><strong><em>“</em></strong></span> <span class='ocrx_word' id='word_1_81' title='bbox 170 874 292 926; x_wconf 77' lang='lat' dir='ltr'>Quae</span> <span class='ocrx_word' id='word_1_82' title='bbox 307 873 465 929; x_wconf 85' lang='lat' dir='ltr'>quibus</span> <span class='ocrx_word' id='word_1_83' title='bbox 482 871 724 914; x_wconf 79' lang='lat' dir='ltr'>anteferam</span> <span class='ocrx_word' id='word_1_84' title='bbox 739 871 760 914; x_wconf 70' lang='lat' dir='ltr'>P</span> <span class='ocrx_word' id='word_1_85' title='bbox 780 870 812 912; x_wconf 78' lang='lat' dir='ltr'><strong>J</strong></span> <span class='ocrx_word' id='word_1_86' title='bbox 815 885 886 912; x_wconf 85' lang='lat' dir='ltr'>am</span> <span class='ocrx_word' id='word_1_87' title='bbox 902 869 996 925; x_wconf 81' lang='lat' dir='ltr'>jam</span> <span class='ocrx_word' id='word_1_88' title='bbox 1012 883 1092 910; x_wconf 86' lang='lat' dir='ltr'>nec</span> <span class='ocrx_word' id='word_1_89' title='bbox 1108 866 1301 909; x_wconf 78' lang='lat' dir='ltr'>maxima</span> <span class='ocrx_word' id='word_1_90' title='bbox 1314 865 1345 908; x_wconf 78' lang='lat' dir='ltr'><em>J</em></span> <span class='ocrx_word' id='word_1_91' title='bbox 1348 880 1448 920; x_wconf 91' lang='lat' dir='ltr'>uno,</span> <span class='ocrx_word' id='word_1_92' title='bbox 1465 862 1550 907; x_wconf 85' lang='lat'>371</span> 
     </span>
     <span class='ocr_line' id='line_1_12' title="bbox 126 936 1358 996; baseline -0.007 -9"><span class='ocrx_word' id='word_1_93' title='bbox 126 944 154 965; x_wconf 75' lang='lat'>‘⁴</span> <span class='ocrx_word' id='word_1_94' title='bbox 173 943 265 986; x_wconf 85' lang='lat' dir='ltr'>Nec</span> <span class='ocrx_word' id='word_1_95' title='bbox 292 942 526 987; x_wconf 78' lang='lat' dir='ltr'>Saturnius</span> <span class='ocrx_word' id='word_1_96' title='bbox 547 942 652 983; x_wconf 86' lang='lat' dir='ltr'>haec</span> <span class='ocrx_word' id='word_1_97' title='bbox 676 940 814 983; x_wconf 88' lang='lat' dir='ltr'>oculis</span> <span class='ocrx_word' id='word_1_98' title='bbox 835 944 963 996; x_wconf 87' lang='lat' dir='ltr'>pater</span> <span class='ocrx_word' id='word_1_99' title='bbox 984 938 1174 994; x_wconf 73' lang='lat' dir='ltr'>adspicit</span> <span class='ocrx_word' id='word_1_100' title='bbox 1196 936 1358 992; x_wconf 84' lang='lat' dir='ltr'>aequis.</span> 
     </span>
     <span class='ocr_line' id='line_1_13' title="bbox 125 1008 1325 1070; baseline -0.009 -12"><span class='ocrx_word' id='word_1_101' title='bbox 125 1015 153 1036; x_wconf 74' lang='lat'>‘⁶</span> <span class='ocrx_word' id='word_1_102' title='bbox 171 1015 407 1070; x_wconf 86' lang='lat' dir='ltr'>Nusquam</span> <span class='ocrx_word' id='word_1_103' title='bbox 429 1018 530 1055; x_wconf 73' lang='lat' dir='ltr'>tuta</span> <span class='ocrx_word' id='word_1_104' title='bbox 546 1011 665 1055; x_wconf 88' lang='lat' dir='ltr'>fides.</span> <span class='ocrx_word' id='word_1_105' title='bbox 729 1010 938 1066; x_wconf 87' lang='lat' dir='ltr'>Ejectum</span> <span class='ocrx_word' id='word_1_106' title='bbox 959 1008 1099 1063; x_wconf 85' lang='lat' dir='ltr'>litore,</span> <span class='ocrx_word' id='word_1_107' title='bbox 1124 1012 1325 1064; x_wconf 78' lang='lat' dir='ltr'>egentem</span> 
     </span>
     <span class='ocr_line' id='line_1_14' title="bbox 127 1078 1157 1141; baseline -0.009 -12"><span class='ocrx_word' id='word_1_108' title='bbox 127 1086 154 1106; x_wconf 85' lang='lat'><strong>“</strong></span> <span class='ocrx_word' id='word_1_109' title='bbox 168 1085 339 1141; x_wconf 78' lang='lat' dir='ltr'>Excepi</span> <span class='ocrx_word' id='word_1_110' title='bbox 361 1089 405 1127; x_wconf 89' lang='lat' dir='ltr'>et</span> <span class='ocrx_word' id='word_1_111' title='bbox 428 1082 550 1140; x_wconf 84' lang='lat' dir='ltr'>regni</span> <span class='ocrx_word' id='word_1_112' title='bbox 571 1083 748 1125; x_wconf 87' lang='lat' dir='ltr'>demens</span> <span class='ocrx_word' id='word_1_113' title='bbox 769 1081 818 1123; x_wconf 92' lang='lat' dir='ltr'>in</span> <span class='ocrx_word' id='word_1_114' title='bbox 838 1085 964 1137; x_wconf 88' lang='lat' dir='ltr'>parte</span> <span class='ocrx_word' id='word_1_115' title='bbox 986 1078 1127 1122; x_wconf 86' lang='lat' dir='ltr'>locavi</span> <span class='ocrx_word' id='word_1_116' title='bbox 1146 1092 1157 1133; x_wconf 80' lang='lat'>3</span> 
     </span>
     <span class='ocr_line' id='line_1_15' title="bbox 125 1143 1556 1208; baseline -0.006 -10"><span class='ocrx_word' id='word_1_117' title='bbox 125 1155 153 1176; x_wconf 78' lang='lat'><strong>“</strong></span> <span class='ocrx_word' id='word_1_118' title='bbox 174 1155 398 1198; x_wconf 89' lang='lat' dir='ltr'>Amissam</span> <span class='ocrx_word' id='word_1_119' title='bbox 421 1154 616 1208; x_wconf 78' lang='lat' dir='ltr'>classem,</span> <span class='ocrx_word' id='word_1_120' title='bbox 642 1151 775 1194; x_wconf 88' lang='lat' dir='ltr'>socios</span> <span class='ocrx_word' id='word_1_121' title='bbox 799 1165 824 1193; x_wconf 87' lang='lat' dir='ltr'>a</span> <span class='ocrx_word' id='word_1_122' title='bbox 845 1151 984 1192; x_wconf 81' lang='lat' dir='ltr'>mo&#39;rte</span> <span class='ocrx_word' id='word_1_123' title='bbox 1007 1149 1163 1192; x_wconf 80' lang='lat' dir='ltr'>reduxi</span> <span class='ocrx_word' id='word_1_124' title='bbox 1177 1163 1211 1192; x_wconf 87' lang='lat'>:-</span> <span class='ocrx_word' id='word_1_125' title='bbox 1468 1143 1556 1190; x_wconf 86' lang='lat'>375</span> 
     </span>
     <span class='ocr_line' id='line_1_16' title="bbox 127 1219 1294 1277; baseline -0.007 -9"><span class='ocrx_word' id='word_1_126' title='bbox 127 1226 272 1268; x_wconf 81' lang='lat' dir='ltr'>“-Heu</span> <span class='ocrx_word' id='word_1_127' title='bbox 292 1225 418 1268; x_wconf 82' lang='lat' dir='ltr'>furiis</span> <span class='ocrx_word' id='word_1_128' title='bbox 439 1225 616 1267; x_wconf 89' lang='lat' dir='ltr'>incensa</span> <span class='ocrx_word' id='word_1_129' title='bbox 637 1222 747 1265; x_wconf 79' lang='lat' dir='ltr'>feror</span> <span class='ocrx_word' id='word_1_130' title='bbox 765 1225 799 1266; x_wconf 68' lang='grc' dir='ltr'>ἔ-</span> <span class='ocrx_word' id='word_1_131' title='bbox 817 1235 934 1263; x_wconf 87' lang='lat' dir='ltr'>nunc</span> <span class='ocrx_word' id='word_1_132' title='bbox 957 1234 1098 1277; x_wconf 76' lang='lat' dir='ltr'>augur</span> <span class='ocrx_word' id='word_1_133' title='bbox 1121 1219 1294 1276; x_wconf 88' lang='lat' dir='ltr'>Apollo,</span> 
     </span>
     <span class='ocr_line' id='line_1_17' title="bbox 125 1289 1376 1352; baseline -0.007 -12"><span class='ocrx_word' id='word_1_134' title='bbox 125 1297 153 1317; x_wconf 71' lang='lat'>‘⁴</span> <span class='ocrx_word' id='word_1_135' title='bbox 168 1296 298 1339; x_wconf 86' lang='lat' dir='ltr'>Nunc</span> <span class='ocrx_word' id='word_1_136' title='bbox 322 1295 483 1352; x_wconf 85' lang='lat' dir='ltr'>Lyciae</span> <span class='ocrx_word' id='word_1_137' title='bbox 507 1299 655 1349; x_wconf 86' lang='lat' dir='ltr'>sortes,</span> <span class='ocrx_word' id='word_1_138' title='bbox 678 1307 798 1335; x_wconf 87' lang='lat' dir='ltr'>nunc</span> <span class='ocrx_word' id='word_1_139' title='bbox 823 1298 867 1334; x_wconf 90' lang='lat' dir='ltr'>et</span> <span class='ocrx_word' id='word_1_140' title='bbox 889 1292 1000 1335; x_wconf 81' lang='lat' dir='ltr'>Jove</span> <span class='ocrx_word' id='word_1_141' title='bbox 1022 1291 1179 1333; x_wconf 84' lang='lat' dir='ltr'>missus</span> <span class='ocrx_word' id='word_1_142' title='bbox 1202 1290 1258 1332; x_wconf 90' lang='lat' dir='ltr'>ab</span> <span class='ocrx_word' id='word_1_143' title='bbox 1282 1289 1376 1346; x_wconf 86' lang='lat' dir='ltr'>ipso</span> 
     </span>
     <span class='ocr_line' id='line_1_18' title="bbox 127 1362 1269 1424; baseline -0.005 -14"><span class='ocrx_word' id='word_1_144' title='bbox 127 1367 155 1389; x_wconf 71' lang='lat'>‘⁴</span> <span class='ocrx_word' id='word_1_145' title='bbox 174 1367 397 1424; x_wconf 83' lang='lat' dir='ltr'>Interpres</span> <span class='ocrx_word' id='word_1_146' title='bbox 419 1365 572 1409; x_wconf 77' lang='lat' dir='ltr'>divum</span> <span class='ocrx_word' id='word_1_147' title='bbox 592 1364 678 1406; x_wconf 84' lang='lat' dir='ltr'>fert</span> <span class='ocrx_word' id='word_1_148' title='bbox 701 1363 872 1407; x_wconf 82' lang='lat' dir='ltr'>horrida</span> <span class='ocrx_word' id='word_1_149' title='bbox 888 1362 1011 1419; x_wconf 83' lang='lat' dir='ltr'>jussa</span> <span class='ocrx_word' id='word_1_150' title='bbox 1033 1376 1110 1419; x_wconf 87' lang='lat' dir='ltr'>per</span> <span class='ocrx_word' id='word_1_151' title='bbox 1132 1375 1269 1404; x_wconf 84' lang='lat' dir='ltr'>auras.</span> 
     </span>
     <span class='ocr_line' id='line_1_19' title="bbox 127 1433 1238 1493; baseline -0.006 -12"><span class='ocrx_word' id='word_1_152' title='bbox 127 1438 154 1459; x_wconf 72' lang='lat'>‘⁶</span> <span class='ocrx_word' id='word_1_153' title='bbox 172 1437 349 1482; x_wconf 78' lang='lat' dir='ltr'>Scilicet</span> <span class='ocrx_word' id='word_1_154' title='bbox 370 1437 408 1480; x_wconf 84' lang='lat' dir='ltr'>is</span> <span class='ocrx_word' id='word_1_155' title='bbox 430 1435 598 1493; x_wconf 84' lang='lat' dir='ltr'>superis</span> <span class='ocrx_word' id='word_1_156' title='bbox 619 1435 741 1477; x_wconf 89' lang='lat' dir='ltr'>labor</span> <span class='ocrx_word' id='word_1_157' title='bbox 763 1439 842 1489; x_wconf 87' lang='lat' dir='ltr'>est,</span> <span class='ocrx_word' id='word_1_158' title='bbox 868 1447 919 1475; x_wconf 89' lang='lat' dir='ltr'>ea</span> <span class='ocrx_word' id='word_1_159' title='bbox 942 1448 1045 1475; x_wconf 87' lang='lat' dir='ltr'>cura</span> <span class='ocrx_word' id='word_1_160' title='bbox 1068 1433 1238 1488; x_wconf 87' lang='lat' dir='ltr'>quietos</span> 
     </span>
     <span class='ocr_line' id='line_1_20' title="bbox 127 1501 1556 1562; baseline -0.006 -10"><span class='ocrx_word' id='word_1_161' title='bbox 127 1510 153 1530; x_wconf 73' lang='lat'>‘⁴</span> <span class='ocrx_word' id='word_1_162' title='bbox 175 1508 404 1553; x_wconf 77' lang='lat' dir='ltr'>Sollicitat.</span> <span class='ocrx_word' id='word_1_163' title='bbox 470 1507 628 1562; x_wconf 85' lang='lat' dir='ltr'>Neque</span> <span class='ocrx_word' id='word_1_164' title='bbox 651 1511 695 1548; x_wconf 87' lang='lat' dir='ltr'>te</span> <span class='ocrx_word' id='word_1_165' title='bbox 713 1510 854 1560; x_wconf 84' lang='lat' dir='ltr'>teneo,</span> <span class='ocrx_word' id='word_1_166' title='bbox 879 1519 1019 1560; x_wconf 87' lang='lat' dir='ltr'>neque</span> <span class='ocrx_word' id='word_1_167' title='bbox 1042 1505 1163 1546; x_wconf 85' lang='lat' dir='ltr'>dicta</span> <span class='ocrx_word' id='word_1_168' title='bbox 1181 1503 1341 1545; x_wconf 88' lang='lat' dir='ltr'>refello.</span> <span class='ocrx_word' id='word_1_169' title='bbox 1466 1501 1556 1543; x_wconf 83' lang='lat'>380</span> 
     </span>
     <span class='ocr_line' id='line_1_21' title="bbox 127 1573 1380 1635; baseline -0.007 -12"><span class='ocrx_word' id='word_1_170' title='bbox 127 1580 154 1601; x_wconf 73' lang='lat'>‘⁶</span> <span class='ocrx_word' id='word_1_171' title='bbox 169 1581 206 1635; x_wconf 90' lang='lat' dir='ltr'>I,</span> <span class='ocrx_word' id='word_1_172' title='bbox 232 1592 407 1635; x_wconf 85' lang='lat' dir='ltr'>sequere</span> <span class='ocrx_word' id='word_1_173' title='bbox 430 1577 611 1620; x_wconf 83' lang='lat' dir='ltr'>Italiam</span> <span class='ocrx_word' id='word_1_174' title='bbox 631 1576 799 1620; x_wconf 83' lang='lat' dir='ltr'>ventis!</span> <span class='ocrx_word' id='word_1_175' title='bbox 836 1581 936 1631; x_wconf 82' lang='lat' dir='ltr'>pete</span> <span class='ocrx_word' id='word_1_176' title='bbox 958 1588 1091 1630; x_wconf 81' lang='lat' dir='ltr'>regna</span> <span class='ocrx_word' id='word_1_177' title='bbox 1112 1588 1189 1630; x_wconf 87' lang='lat' dir='ltr'>per</span> <span class='ocrx_word' id='word_1_178' title='bbox 1209 1573 1351 1615; x_wconf 86' lang='lat' dir='ltr'>undas</span> <span class='ocrx_word' id='word_1_179' title='bbox 1371 1576 1380 1615; x_wconf 67' lang='grc' dir='ltr'>ἱ</span> 
     </span>
     <span class='ocr_line' id='line_1_22' title="bbox 127 1644 1434 1708; baseline -0.008 -14"><span class='ocrx_word' id='word_1_180' title='bbox 127 1651 155 1673; x_wconf 75' lang='grc'>“</span> <span class='ocrx_word' id='word_1_181' title='bbox 176 1651 308 1708; x_wconf 78' lang='lat' dir='ltr'>Spero</span> <span class='ocrx_word' id='word_1_182' title='bbox 331 1650 532 1706; x_wconf 85' lang='lat' dir='ltr'>equidem</span> <span class='ocrx_word' id='word_1_183' title='bbox 554 1647 722 1702; x_wconf 86' lang='lat' dir='ltr'>mediis,</span> <span class='ocrx_word' id='word_1_184' title='bbox 749 1647 785 1690; x_wconf 87' lang='lat' dir='ltr'>si</span> <span class='ocrx_word' id='word_1_185' title='bbox 807 1646 913 1702; x_wconf 90' lang='lat' dir='ltr'>quid</span> <span class='ocrx_word' id='word_1_186' title='bbox 935 1645 1008 1701; x_wconf 88' lang='lat' dir='ltr'>pia</span> <span class='ocrx_word' id='word_1_187' title='bbox 1030 1644 1213 1686; x_wconf 87' lang='lat' dir='ltr'>numina</span> <span class='ocrx_word' id='word_1_188' title='bbox 1234 1648 1434 1700; x_wconf 83' lang='lat' dir='ltr'>possunt,</span> 
     </span>
     <span class='ocr_line' id='line_1_23' title="bbox 127 1716 1299 1778; baseline -0.007 -13"><span class='ocrx_word' id='word_1_189' title='bbox 127 1722 154 1743; x_wconf 73' lang='lat'>‘⁶</span> <span class='ocrx_word' id='word_1_190' title='bbox 175 1721 400 1778; x_wconf 81' lang='lat' dir='ltr'>Supplicia</span> <span class='ocrx_word' id='word_1_191' title='bbox 420 1720 666 1762; x_wconf 85' lang='lat' dir='ltr'>hausurum</span> <span class='ocrx_word' id='word_1_192' title='bbox 690 1717 891 1774; x_wconf 89' lang='lat' dir='ltr'>scopulis,</span> <span class='ocrx_word' id='word_1_193' title='bbox 916 1722 961 1759; x_wconf 90' lang='lat' dir='ltr'>et</span> <span class='ocrx_word' id='word_1_194' title='bbox 983 1716 1159 1759; x_wconf 90' lang='lat' dir='ltr'>nomine</span> <span class='ocrx_word' id='word_1_195' title='bbox 1183 1716 1299 1758; x_wconf 89' lang='lat' dir='ltr'>Dido</span> 
     </span>
     <span class='ocr_line' id='line_1_24' title="bbox 127 1786 1353 1848; baseline -0.007 -13"><span class='ocrx_word' id='word_1_196' title='bbox 127 1792 155 1813; x_wconf 72' lang='lat'>‘⁴</span> <span class='ocrx_word' id='word_1_197' title='bbox 173 1793 312 1848; x_wconf 83' lang='lat' dir='ltr'>Saepe</span> <span class='ocrx_word' id='word_1_198' title='bbox 334 1795 603 1833; x_wconf 85' lang='lat' dir='ltr'>vocaturum.</span> <span class='ocrx_word' id='word_1_199' title='bbox 671 1789 837 1844; x_wconf 79' lang='lat' dir='ltr'>Sequar</span> <span class='ocrx_word' id='word_1_200' title='bbox 857 1787 963 1829; x_wconf 84' lang='lat' dir='ltr'>atris</span> <span class='ocrx_word' id='word_1_201' title='bbox 984 1787 1160 1843; x_wconf 79' lang='lat' dir='ltr'>ignibus</span> <span class='ocrx_word' id='word_1_202' title='bbox 1182 1786 1353 1840; x_wconf 84' lang='lat' dir='ltr'>absens,</span> 
     </span>
     <span class='ocr_line' id='line_1_25' title="bbox 127 1856 1554 1918; baseline -0.006 -13"><span class='ocrx_word' id='word_1_203' title='bbox 127 1862 154 1883; x_wconf 72' lang='lat'>⁴⁶</span> <span class='ocrx_word' id='word_1_204' title='bbox 173 1863 248 1918; x_wconf 85' lang='lat' dir='ltr'>Et,</span> <span class='ocrx_word' id='word_1_205' title='bbox 274 1876 413 1918; x_wconf 89' lang='lat' dir='ltr'>quum</span> <span class='ocrx_word' id='word_1_206' title='bbox 433 1860 592 1917; x_wconf 82' lang='lat' dir='ltr'>frigida</span> <span class='ocrx_word' id='word_1_207' title='bbox 614 1874 726 1902; x_wconf 88' lang='lat' dir='ltr'>mors</span> <span class='ocrx_word' id='word_1_208' title='bbox 749 1858 896 1901; x_wconf 88' lang='lat' dir='ltr'>anima</span> <span class='ocrx_word' id='word_1_209' title='bbox 919 1857 1141 1900; x_wconf 83' lang='lat' dir='ltr'>seduxerit</span> <span class='ocrx_word' id='word_1_210' title='bbox 1164 1862 1299 1912; x_wconf 85' lang='lat' dir='ltr'>artus,</span> <span class='ocrx_word' id='word_1_211' title='bbox 1467 1856 1554 1899; x_wconf 84' lang='lat'>385</span> 
     </span>
     <span class='ocr_line' id='line_1_26' title="bbox 128 1927 1513 1983; baseline -0.004 -7"><span class='ocrx_word' id='word_1_212' title='bbox 128 1933 156 1954; x_wconf 70' lang='lat'>⁴⁶</span> <span class='ocrx_word' id='word_1_213' title='bbox 178 1932 395 1976; x_wconf 88' lang='lat' dir='ltr'>Omnibus</span> <span class='ocrx_word' id='word_1_214' title='bbox 417 1931 574 1974; x_wconf 88' lang='lat' dir='ltr'>umbra</span> <span class='ocrx_word' id='word_1_215' title='bbox 596 1929 700 1972; x_wconf 87' lang='lat' dir='ltr'>locis</span> <span class='ocrx_word' id='word_1_216' title='bbox 722 1929 862 1972; x_wconf 86' lang='lat' dir='ltr'>adero.</span> <span class='ocrx_word' id='word_1_217' title='bbox 929 1927 1083 1983; x_wconf 90' lang='lat' dir='ltr'>Dabis,</span> <span class='ocrx_word' id='word_1_218' title='bbox 1108 1927 1315 1983; x_wconf 87' lang='lat' dir='ltr'>improbe,</span> <span class='ocrx_word' id='word_1_219' title='bbox 1340 1941 1513 1983; x_wconf 82' lang='lat' dir='ltr'>poenas.</span> 
     </span>
     <span class='ocr_line' id='line_1_27' title="bbox 130 1997 1473 2057; baseline -0.003 -12"><span class='ocrx_word' id='word_1_220' title='bbox 130 2002 156 2024; x_wconf 72' lang='lat'>‘⁴</span> <span class='ocrx_word' id='word_1_221' title='bbox 174 2002 385 2057; x_wconf 87' lang='lat' dir='ltr'>Audiam,</span> <span class='ocrx_word' id='word_1_222' title='bbox 411 2006 455 2044; x_wconf 94' lang='lat' dir='ltr'>et</span> <span class='ocrx_word' id='word_1_223' title='bbox 477 2001 584 2043; x_wconf 88' lang='lat' dir='ltr'>haec</span> <span class='ocrx_word' id='word_1_224' title='bbox 607 1999 761 2042; x_wconf 82' lang='lat' dir='ltr'>Manes</span> <span class='ocrx_word' id='word_1_225' title='bbox 782 1999 928 2041; x_wconf 88' lang='lat' dir='ltr'>veniet</span> <span class='ocrx_word' id='word_1_226' title='bbox 949 1998 1059 2040; x_wconf 87' lang='lat' dir='ltr'>mihi</span> <span class='ocrx_word' id='word_1_227' title='bbox 1079 1998 1198 2040; x_wconf 80' lang='lat' dir='ltr'>fama</span> <span class='ocrx_word' id='word_1_228' title='bbox 1221 1998 1302 2040; x_wconf 90' lang='lat' dir='ltr'>sub</span> <span class='ocrx_word' id='word_1_229' title='bbox 1324 1997 1473 2041; x_wconf 80' lang='lat' dir='ltr'>imoS.&#39;&#39;</span> 
     </span>
     <span class='ocr_line' id='line_1_28' title="bbox 128 2069 1314 2125; baseline -0.004 -10"><span class='ocrx_word' id='word_1_230' title='bbox 128 2073 211 2115; x_wconf 90' lang='lat' dir='ltr'>His</span> <span class='ocrx_word' id='word_1_231' title='bbox 232 2073 427 2115; x_wconf 88' lang='lat' dir='ltr'>medium</span> <span class='ocrx_word' id='word_1_232' title='bbox 448 2070 577 2114; x_wconf 89' lang='lat' dir='ltr'>dictis</span> <span class='ocrx_word' id='word_1_233' title='bbox 600 2084 839 2113; x_wconf 87' lang='lat' dir='ltr'>sermonem</span> <span class='ocrx_word' id='word_1_234' title='bbox 860 2069 1101 2125; x_wconf 82' lang='lat' dir='ltr'>abrumpit,</span> <span class='ocrx_word' id='word_1_235' title='bbox 1121 2074 1165 2111; x_wconf 88' lang='lat' dir='ltr'>ct</span> <span class='ocrx_word' id='word_1_236' title='bbox 1187 2083 1314 2111; x_wconf 87' lang='lat' dir='ltr'>auras</span> 
     </span>
     <span class='ocr_line' id='line_1_29' title="bbox 129 2139 1241 2199; baseline -0.004 -14"><span class='ocrx_word' id='word_1_237' title='bbox 129 2144 275 2199; x_wconf 81' lang='lat' dir='ltr'>Aegra</span> <span class='ocrx_word' id='word_1_238' title='bbox 296 2142 426 2198; x_wconf 76' lang='lat' dir='ltr'>fugit,</span> <span class='ocrx_word' id='word_1_239' title='bbox 451 2155 581 2196; x_wconf 86' lang='lat' dir='ltr'>seque</span> <span class='ocrx_word' id='word_1_240' title='bbox 604 2155 658 2181; x_wconf 77' lang='lat' dir='ltr'>ex</span> <span class='ocrx_word' id='word_1_241' title='bbox 680 2140 814 2182; x_wconf 86' lang='lat' dir='ltr'>oeulis</span> <span class='ocrx_word' id='word_1_242' title='bbox 836 2139 995 2181; x_wconf 84' lang='lat' dir='ltr'>avertit</span> <span class='ocrx_word' id='word_1_243' title='bbox 1019 2146 1063 2181; x_wconf 85' lang='lat' dir='ltr'>et</span> <span class='ocrx_word' id='word_1_244' title='bbox 1085 2140 1241 2193; x_wconf 76' lang='lat' dir='ltr'>aut&#39;ert,</span> 
     </span>
     <span class='ocr_line' id='line_1_30' title="bbox 129 2208 1554 2270; baseline -0.006 -13"><span class='ocrx_word' id='word_1_245' title='bbox 129 2215 350 2270; x_wconf 86' lang='lat' dir='ltr'>Linquens</span> <span class='ocrx_word' id='word_1_246' title='bbox 371 2212 515 2254; x_wconf 89' lang='lat' dir='ltr'>multa</span> <span class='ocrx_word' id='word_1_247' title='bbox 535 2217 661 2252; x_wconf 89' lang='lat' dir='ltr'>metu</span> <span class='ocrx_word' id='word_1_248' title='bbox 683 2215 967 2252; x_wconf 76' lang='lat' dir='ltr'>cunctantem</span> <span class='ocrx_word' id='word_1_249' title='bbox 989 2215 1033 2251; x_wconf 90' lang='lat' dir='ltr'>et</span> <span class='ocrx_word' id='word_1_250' title='bbox 1050 2210 1194 2251; x_wconf 82' lang='lat' dir='ltr'>multa</span> <span class='ocrx_word' id='word_1_251' title='bbox 1215 2213 1446 2264; x_wconf 79' lang='lat' dir='ltr'>parantem</span> <span class='ocrx_word' id='word_1_252' title='bbox 1468 2208 1554 2250; x_wconf 75' lang='lat'>390</span> 
     </span>
     <span class='ocr_line' id='line_1_31' title="bbox 131 2263 1594 2338; baseline -0.008 -9"><span class='ocrx_word' id='word_1_253' title='bbox 131 2286 298 2328; x_wconf 90' lang='lat' dir='ltr'>Dicere.</span> <span class='ocrx_word' id='word_1_254' title='bbox 365 2282 621 2338; x_wconf 80' lang='lat' dir='ltr'>Suscipiunt</span> <span class='ocrx_word' id='word_1_255' title='bbox 641 2281 847 2335; x_wconf 86' lang='lat' dir='ltr'>famulae,</span> <span class='ocrx_word' id='word_1_256' title='bbox 872 2280 1147 2335; x_wconf 85' lang='lat' dir='ltr'>collapsaque</span> <span class='ocrx_word' id='word_1_257' title='bbox 1169 2279 1364 2320; x_wconf 87' lang='lat' dir='ltr'>membra</span> <span class='ocrx_word' id='word_1_258' title='bbox 1590 2263 1594 2267; x_wconf 39' lang='grc'><strong>”</strong></span> 
     </span>
     <span class='ocr_line' id='line_1_32' title="bbox 131 2349 1301 2404; baseline -0.007 -5"><span class='ocrx_word' id='word_1_259' title='bbox 131 2357 370 2399; x_wconf 87' lang='lat' dir='ltr'>Marmoreo</span> <span class='ocrx_word' id='word_1_260' title='bbox 392 2352 582 2395; x_wconf 84' lang='lat' dir='ltr'>referunt</span> <span class='ocrx_word' id='word_1_261' title='bbox 604 2351 798 2393; x_wconf 81' lang='lat' dir='ltr'>thalamo</span> <span class='ocrx_word' id='word_1_262' title='bbox 821 2349 1054 2404; x_wconf 84' lang='lat' dir='ltr'>stratisque</span> <span class='ocrx_word' id='word_1_263' title='bbox 1076 2353 1301 2404; x_wconf 86' lang='lat' dir='ltr'>reponunt.</span> 
     </span>
    </p>

    <p class='ocr_par' dir='ltr' id='par_1_3' title="bbox 132 2419 1556 2624">
     <span class='ocr_line' id='line_1_33' title="bbox 220 2419 1316 2483; baseline -0.008 -14"><span class='ocrx_word' id='word_1_264' title='bbox 220 2427 285 2470; x_wconf 89' lang='lat' dir='ltr'>At</span> <span class='ocrx_word' id='word_1_265' title='bbox 307 2425 407 2483; x_wconf 89' lang='lat' dir='ltr'>pius</span> <span class='ocrx_word' id='word_1_266' title='bbox 429 2423 617 2478; x_wconf 83' lang='lat' dir='ltr'>Aeneas,</span> <span class='ocrx_word' id='word_1_267' title='bbox 643 2435 915 2478; x_wconf 87' lang='lat' dir='ltr'>quamquam</span> <span class='ocrx_word' id='word_1_268' title='bbox 936 2420 1070 2462; x_wconf 85' lang='lat' dir='ltr'>lenire</span> <span class='ocrx_word' id='word_1_269' title='bbox 1093 2419 1316 2461; x_wconf 83' lang='lat' dir='ltr'>dolentem</span> 
     </span>
     <span class='ocr_line' id='line_1_34' title="bbox 133 2493 1062 2552; baseline -0.011 -10"><span class='ocrx_word' id='word_1_270' title='bbox 133 2497 320 2542; x_wconf 80' lang='lat' dir='ltr'>Solando</span> <span class='ocrx_word' id='word_1_271' title='bbox 342 2495 466 2552; x_wconf 89' lang='lat' dir='ltr'>eupit</span> <span class='ocrx_word' id='word_1_272' title='bbox 489 2500 533 2536; x_wconf 89' lang='lat' dir='ltr'>et</span> <span class='ocrx_word' id='word_1_273' title='bbox 555 2493 685 2536; x_wconf 87' lang='lat' dir='ltr'>dictis</span> <span class='ocrx_word' id='word_1_274' title='bbox 708 2497 899 2534; x_wconf 82' lang='lat' dir='ltr'>avertere</span> <span class='ocrx_word' id='word_1_275' title='bbox 922 2505 1062 2545; x_wconf 86' lang='lat' dir='ltr'>curas,</span> 
     </span>
     <span class='ocr_line' id='line_1_35' title="bbox 132 2560 1556 2624; baseline -0.006 -12"><span class='ocrx_word' id='word_1_276' title='bbox 132 2568 277 2612; x_wconf 81' lang='lat' dir='ltr'>Multa</span> <span class='ocrx_word' id='word_1_277' title='bbox 299 2580 474 2624; x_wconf 80' lang='lat' dir='ltr'>gemens</span> <span class='ocrx_word' id='word_1_278' title='bbox 496 2578 740 2621; x_wconf 81' lang='lat' dir='ltr'>magnoque</span> <span class='ocrx_word' id='word_1_279' title='bbox 763 2562 957 2605; x_wconf 78' lang='lat' dir='ltr'>animum</span> <span class='ocrx_word' id='word_1_280' title='bbox 980 2561 1223 2603; x_wconf 44' lang='lat' dir='ltr'>lithostrotus</span> <span class='ocrx_word' id='word_1_281' title='bbox 1246 2574 1406 2615; x_wconf 78' lang='lat' dir='ltr'>amore,</span> <span class='ocrx_word' id='word_1_282' title='bbox 1470 2560 1556 2603; x_wconf 80' lang='lat'>395</span> 
     </span>
    </p>
   </div>
  </div>
 </body>
</html>
