1731 2923
590 180 822 210 AENEIDos
854 181 939 212 ΜΒ.
979 181 1042 212 1v.
1477 171 1534 216 89

104 285 131 306 ‘⁶
149 286 181 329 J
183 301 256 329 am
278 302 397 330 mare
420 287 588 330 turbari
609 288 807 332 trabibus
830 303 1066 345 saevasque
1091 289 1256 332 videbis

104 356 131 377 ‘⁶
147 357 369 419 Collucere
390 359 519 414 faces,
539 358 634 415 jam
655 359 817 402 fervere
838 360 966 403 litora
987 360 1190 415 fiammis,

103 428 130 448 “
155 429 201 472 Si
223 434 267 471 te
289 430 355 472 his
377 430 578 486 attigerit
601 431 725 473 terris
748 431 918 473 Aurora
941 437 1198 474 morantem.

102 498 129 519 ‘⁴
147 499 230 555 EJ’a
252 515 344 556 age,
369 515 523 557 rumpe
546 515 688 544 moras
710 516 718 545 :
753 502 925 544 Varium
949 506 993 544 et
1016 502 1229 544 mutabile
1253 516 1422 558 semper

101 569 128 589 ‘⁴
147 569 370 614 Femina?
436 571 506 615 Sic
528 571 648 615 fatus
671 572 790 614 nocti
812 586 854 615 se
877 572 1118 614 immiscuit
1141 577 1273 615 atrae.
1445 570 1532 616 570

101 640 219 682 Tum
240 655 338 683 vero
362 641 550 698 Aeneas,
576 643 732 685 subitis
756 643 990 685 exterritus
1012 642 1191 698 umbris,

101 710 290 768 Corripit
312 727 334 755 e
358 727 508 755 somno
531 728 686 770 corpus
710 713 930 770 sociosque
953 713 1116 770 fatigat
1137 728 1145 758 :

101 781 129 802 ‘⁴
148 782 416 840 Praecipites
437 784 631 840 vigilate,
654 784 750 841 viri,
776 790 822 828 et
845 785 1058 828 considite
1082 784 1287 827 transtris
1305 800 1315 838 3

101 852 127 873 ‘⁴
149 853 312 896 Solvite
334 854 431 896 vela
452 854 529 897 citi
549 859 557 899 Ξ
626 855 746 898 Deus
769 856 943 898 aethere
966 856 1124 898 missus
1148 856 1202 898 ab
1228 844 1317 898 alto

101 924 375 985 ‘ijestinare
399 925 549 982 fugam
572 931 794 985 tortosque
816 927 1004 969 incidere
1025 927 1150 969 funes
1443 926 1530 971 575

100 995 127 1016 “
145 995 261 1037 Ecce
283 995 446 1037 iterum
469 985 683 1040 stimulat.
750 997 985 1052 Sequimur
1007 1002 1067 1052 te,
1094 1003 1246 1040 sancte
1270 998 1467 1051 deorum,

100 1065 127 1086 ‘⁴
147 1065 356 1122 Quisquis
379 1080 437 1121 es7
461 1066 728 1122 imperioque
750 1066 915 1109 iterum
937 1081 1143 1123 paremus
1166 1072 1356 1110 ovantes.

99 1135 127 1157 “
145 1136 279 1179 Adsis
301 1151 324 1179 o
347 1136 632 1193 placidusque
648 1136 788 1192 juves,
813 1142 858 1180 et
881 1137 1021 1180 sidera
1044 1136 1159 1179 coelo

99 1207 127 1228 ‘⁴
147 1207 317 1250 Dextra
338 1208 492 1251 feras.''
559 1207 701 1264 Dixit,
725 1208 972 1265 vaginaque
995 1208 1125 1264 eripit
1148 1221 1297 1250 ensem

98 1279 400 1335 Fulmineum,
425 1279 663 1335 strictoque
686 1279 786 1322 ferit
809 1279 1054 1322 retinacula
1074 1279 1195 1321 ferro.
1442 1280 1531 1322 580

98 1351 224 1393 Idem
246 1365 394 1393 omnes
417 1350 549 1392 simul
570 1350 695 1392 ardor
716 1350 865 1406 habet,
891 1350 1159 1407 rapiuntque
1182 1354 1405 1406 ruuntque
1426 1364 1436 1404 3

98 1422 248 1465 Litora
271 1422 497 1464 deseruere
515 1435 526 1476 3
561 1421 674 1464 latet
697 1422 779 1464 sub
803 1422 1012 1465 classibus
1034 1435 1195 1476 aequor
1211 1435 1222 1475 3

99 1493 263 1537 Annixi
286 1498 493 1549 torquent
516 1508 695 1550 spumas
718 1498 762 1536 et
786 1494 958 1541 caerula
973 1498 1168 1546 ,verrunt

93 1553 97 1556 .
188 1565 250 1607 Et
267 1565 362 1621 jam
385 1564 526 1620 prima
548 1579 657 1606 novo
680 1564 913 1620 spargebat
938 1563 1105 1605 lumine
1128 1569 1268 1606 terras

99 1635 282 1678 Tithoni
304 1649 504 1677 croceum
526 1634 728 1690 linquens
751 1634 924 1676 Aurora
946 1633 1102 1677 cubile.
1441 1632 1530 1675 585

99 1706 268 1762 Regina
290 1720 312 1748 e
335 1704 523 1761 speculis
544 1709 597 1747 ut
619 1704 813 1761 primum
834 1704 1050 1746 albescere
1073 1704 1218 1746 lucem

98 1777 226 1820 Vidit
250 1782 294 1819 et
317 1775 519 1832 aequatis
542 1776 725 1818 classem
746 1775 974 1831 procedere
997 1775 1116 1830 velis,

97 1847 336 1904 Litoraque
359 1852 404 1890 et
425 1861 585 1889 vacuos
608 1846 743 1889 sensit
767 1846 857 1888 sine
881 1843 1048 1902 remige'
1065 1850 1245 1902 portus3

99 1919 271 1975 Terque
294 1924 536 1975 quaterque
558 1932 696 1959 manu
717 1922 873 1973 pectus
897 1931 1103 1973 percussa
1124 1917 1344 1970 decorum,

98 1990 418 2045 Flaventesque
441 1988 630 2031 abscissa
652 2003 809 2042 comas,
836 1987 863 2008 ‘⁶
882 1988 967 2030 Pro
985 1987 1181 2044 Jupiter,
1205 1987 1288 2029 ibit
1442 1987 1532 2030 590

101 2059 128 2080 “
147 2059 278 2115 Hic.‚”
302 2059 378 2114 ait,
406 2058 432 2079 “
452 2064 496 2101 et
519 2058 678 2101 nostris
699 2058 885 2100 illuserit
907 2058 1075 2100 advena
1100 2057 1240 2114 regnis
1261 2057 1282 2099 Ρ

100 2131 127 2151 “
146 2131 248 2173 Non
270 2145 392 2172 arma
415 2130 666 2186 expedient,
691 2135 872 2185 totaque
895 2144 949 2171 ex
969 2129 1074 2171 urbe
1099 2133 1348 2184 sequentur,

101 2203 128 2224 ‘⁶
148 2202 466 2258 Deripientque
488 2207 602 2243 rates
624 2200 699 2242 alii
720 2200 949 2243 navalibus
966 2201 987 2243 Ρ
1054 2200 1138 2254 Ite,

101 2274 126 2294 ‘⁶
145 2274 276 2316 Ferte
298 2272 376 2315 citi
396 2272 610 2326 flammas,
635 2271 737 2312 date
759 2270 861 2324 tela,
884 2269 1099 2324 impellite
1122 2282 1259 2309 remos
1277 2271 1351 2310 1—
1443 2266 1531 2309 594

101 2345 127 2366 ‘⁶
144 2345 260 2398 Quid
274 2344 439 2399 loquor,
456 2347 536 2384 aut
553 2341 630 2384 ubi
647 2356 744 2383 sum
759 2342 779 2384 Ρ
817 2340 936 2393 Quae
952 2344 1146 2380 mentem
1160 2337 1329 2379 insania
1343 2342 1490 2379 mutat
1506 2338 1527 2379 P

102 2416 128 2438 “
147 2415 310 2458 Infelix
334 2415 464 2470 Dido,
488 2427 605 2455 nunc
628 2417 672 2455 te
694 2412 814 2454 facta
836 2410 973 2466 impia
995 2414 1187 2465 tangunt
1220 2407 1228 2449 !
1443 2409 1529 2451 596

102 2487 127 2508 “
145 2487 271 2530 Tunc
294 2485 459 2542 decuit,
484 2499 621 2541 quum
645 2480 1121 2539 sceptraffdabas-En
1143 2480 1299 2522 dextra
1320 2479 1529 2534 fidesque,

102 2558 128 2580 “
148 2559 290 2612 Quem
313 2571 463 2601 secum
483 2555 648 2613 patrios
670 2554 796 2596 aiunt
818 2558 990 2609 portare
1014 2551 1218 2606 Penates,

103 2628 132 2650 ‘⁶
151 2629 294 2683 Quem
318 2627 498 2672 subiisse
519 2624 712 2669 humeris
734 2624 984 2667 confectum
1007 2626 1155 2664 aetate
1178 2624 1406 2677 parentem
1429 2622 1500 2663 Σ-
