1731 2923
583 146 813 176 AENElnos
845 146 932 178 ΜΒ.
968 147 1031 176 111.
1469 137 1524 179 69

93 253 120 275 “
139 253 338 297 Numina
361 254 594 310 sortitique
617 254 746 310 vices,
769 269 860 297 una
881 254 1075 311 undique
1098 254 1264 297 circum

92 324 121 346 ‘⁴
139 325 402 380 Fundimur,
427 330 472 367 et
497 325 583 367 telo
606 325 757 367 lumen
779 325 1053 367 terebramus
1077 330 1221 379 acutO,
1439 326 1524 368 635

93 395 312 452 “Ingens,
337 397 454 452 quod
476 401 600 438 torva
614 396 765 445 ,solum
789 396 869 438 sub
892 395 1039 438 fronte
1062 396 1251 451 latebat,

91 464 118 485 ‘⁶
136 465 331 522 Argolici
354 465 482 521 clipei
504 470 585 507 aut
608 465 835 508 Phoebeae
857 466 1074 522 lampadis
1097 466 1251 521 instar,

93 535 121 556 ‘⁶
137 535 200 577 Et
222 536 404 578 tandem
426 535 536 578 laeti
560 536 774 578 sociorum
796 536 1051 578 ulciscimur
1072 536 1260 578 umbras.

91 605 123 626 “
145 605 229 649 Sed
251 606 405 662 fugite,
430 620 454 648 0
477 605 633 662 miseri,
658 606 814 663 fugite,
840 611 975 662 atque
999 607 1054 649 ab
1076 606 1200 648 litore
1223 606 1374 648 funem

90 675 116 696 ‘⁶
136 676 351 733 Rumpite
368 691 376 720 :
944 730 950 735 .
1438 678 1523 720 640

90 746 116 767 ‘⁶
138 746 276 802 Nam,
300 747 441 803 qualis
464 753 746 804 quantusque
769 762 873 791 cavo
896 748 1194 804 Polyphemus
1216 748 1261 790 in
1285 755 1410 790 antro

91 818 116 838 “
137 818 372 875 Lanigeras
396 818 564 861 claudit
588 819 776 874 pecudes
799 824 934 874 atque
956 819 1090 861 ubera
1112 825 1300 875 pressat,

90 888 120 908 “
140 888 333 931 Centum
355 888 429 930 alii
452 903 586 930 curva
607 888 713 930 haec
735 888 942 931 habitant
964 890 1021 931 ad
1042 889 1170 931 litora
1192 890 1321 945 vulgo

90 959 119 980 ‘⁶
137 959 316 1002 Infandi
340 956 548 1015 Cyclopes
570 964 615 1001 et
638 959 740 1002 altis
763 960 988 1002 montibus
1010 965 1168 1003 errant.

89 1031 118 1053 “
138 1031 288 1074 Tertia
304 1031 399 1087 jam
416 1030 570 1073 Lunae
593 1045 637 1074 se
659 1045 822 1074 cornua
842 1030 1010 1073 lumine
1033 1031 1268 1088 complent,
1435 1031 1522 1074 645

89 1102 118 1124 ‘⁶
137 1102 285 1156 Quum
306 1102 446 1144 vitam
468 1103 513 1144 in
537 1102 655 1145 silvis
676 1102 794 1145 inter
815 1103 984 1145 deserta
1005 1102 1196 1145 ferarum

89 1173 117 1194 ‘⁴
135 1173 297 1216 Lustra
314 1174 550 1229 domosque
573 1173 714 1229 traho,
739 1178 972 1231 vastosque
996 1174 1051 1217 ab
1074 1188 1180 1230 rupe
1206 1172 1421 1230 Cyclopas

89 1243 116 1265 ‘⁶
136 1244 373 1301 Prospicio,
400 1244 680 1300 sonitumque
702 1245 867 1300 pedum
888 1259 1126 1301 vocemque
1149 1244 1363 1288 tremisco.

89 1315 117 1336 ‘⁶
136 1315 321 1358 Victum
343 1314 574 1371 infelicem,
598 1315 756 1358 baccas
778 1316 1064 1372 lapidosaque
1087 1331 1228 1372 corna,

89 1386 116 1407 ‘⁶
136 1386 260 1429 Dant
282 1386 406 1442 rami,
431 1392 475 1429 et
497 1387 631 1429 vulsis
654 1393 843 1444 pascunt
865 1388 1082 1431 radicibus
1104 1388 1274 1431 herbae.
1436 1388 1521 1431 650

90 1456 116 1477 ‘⁶
137 1456 295 1500 Omnia
318 1458 591 1513 collustrans,
616 1458 729 1501 hanc
753 1459 948 1515 primum
969 1460 1026 1502 ad
1047 1459 1175 1502 litora
1198 1460 1382 1502 classem

90 1526 117 1548 ‘⁴
136 1527 356 1583 Conspexi
378 1528 627 1570 venientem
648 1543 659 1582 ;
694 1529 796 1571 huic
819 1543 903 1584 me,
928 1543 1232 1585 quaecumque
1254 1530 1423 1585 fuisset,

91 1597 118 1618 ‘⁶
137 1597 306 1640 Addixi
326 1611 336 1642 :
372 1597 565 1647 satisaest
586 1603 766 1654 gentem
788 1598 989 1655 effugisse
1012 1599 1258 1642 nefandam.

91 1668 117 1689 ‘⁴
134 1668 225 1711 Vos
247 1668 440 1710 animam
462 1668 575 1711 hanc
598 1669 745 1725 potius
767 1683 1045 1726 quocumque
1067 1669 1287 1712 absumite
1310 1670 1439 1714 leto.'’

89 1738 181 1781 Vix
202 1753 254 1781 ea
273 1738 395 1781 fatus
417 1743 524 1794 erat,
549 1753 719 1781 summo
743 1753 879 1794 quum
900 1745 1049 1782 monte
1070 1740 1267 1782 videmus
1435 1742 1520 1785 655

89 1810 245 1866 Ipsum
266 1809 382 1851 inter
405 1810 594 1866 pecudes
618 1814 746 1852 vasta
769 1824 812 1853 se
835 1810 948 1853 mole
970 1816 1220 1853 moventem

89 1881 319 1924 Pastorem
338 1880 664 1937 Polyphemum
686 1886 730 1923 et
752 1881 879 1924 litora
901 1887 1007 1924 nota
1030 1888 1270 1938 petentem,
1390 1881 1518 1938 [tum.

90 1950 342 1994 Monstrum
374 1951 652 2007 horrendum,
675 1951 871 2008 informe,
895 1952 1064 2009 ingens,
1088 1952 1159 1995 cui
1189 1954 1339 1996 lumen
1371 1955 1520 1996 adem-

90 2022 268 2065 Trunca
291 2037 427 2065 manu
448 2022 579 2079 pinus
602 2023 712 2080 regit
735 2029 779 2066 et
801 2024 987 2081 vestigia
1008 2025 1157 2067 firmat
1174 2038 1186 2079 ;

88 2093 328 2149 Lanigerae
351 2093 624 2136 comitantur
645 2108 745 2137 oves
765 2109 775 2138 ε
811 2109 861 2137 ea
884 2095 973 2137 sola
993 2095 1213 2152 voluptas,
1434 2097 1520 2139 660

92 2164 383 2219 Solamenque
405 2164 523 2207 mali.

89 2234 334 2289 Postquam
355 2233 467 2275 altos
489 2233 640 2290 tetigit
661 2233 824 2277 fluctus
847 2240 890 2277 et
913 2236 969 2278 ad
992 2251 1179 2291 aequora
1200 2236 1348 2290 venit3

90 2304 292 2346 Luminis
315 2302 459 2345 effossi
480 2302 669 2345 fluidum
690 2304 800 2346 lavit
823 2305 924 2347 inde
948 2320 1156 2361 cruorem,

91 2374 314 2418 Dentibus
336 2373 588 2416 infrendens
609 2373 794 2430 gemitu,
818 2375 1101 2431 graditurque
1129 2390 1206 2432 per
1228 2391 1387 2432 aequor

90 2444 120 2487 J
123 2459 195 2486 am
216 2444 438 2488 medium:
473 2445 661 2487 necdum
683 2444 849 2488 fluctus
870 2445 1008 2488 latera
1027 2447 1167 2506 ardua
1188 2447 1336 2491 tinxit.
1432 2448 1519 2492 665

92 2514 183 2558 Nos
205 2514 356 2571 procul
376 2515 477 2558 inde
498 2515 651 2572 fugam
673 2516 833 2572 trepidi
855 2517 1053 2573 celerare,
1078 2523 1251 2574 recepto

93 2584 300 2641 Supplice
323 2584 383 2628 sic
405 2585 575 2642 merito,
600 2586 815 2643 tacitique
838 2586 1026 2630 incidere
1048 2587 1229 2643 funem3
