1731 2923
577 135 808 166 AENEIDos
841 136 929 166 LIB.
964 135 1010 165 11.
1455 126 1511 171 47

82 246 106 268 '‘
125 246 185 289 Di
206 245 352 303 patrii,
377 249 545 289 servate
562 245 759 300 domum,
785 248 955 288 servate
976 245 1209 299 nepotemi

78 318 105 339 ‘⁶
123 317 336 361 Vestrum
358 317 436 360 hoc
460 316 709 373 augurium,
732 321 962 371 vestroque
984 315 1031 357 in
1052 314 1233 357 numine
1258 312 1388 370 Troja
1411 322 1489 357 cst.

78 390 106 411 ‘⁶
125 389 243 433 Cedo
266 388 472 444 equidem
495 402 589 443 nec,
613 391 733 442 nate,
758 387 842 429 tibi
863 401 1006 429 comes
1029 386 1090 428 ire
1113 385 1300 428 recuso.''

77 460 265 504 Dixerat
286 459 374 515 ille,
399 464 444 501 et
461 458 555 515 jam
576 473 655 515 per
675 457 848 500 moenia
870 457 1024 500 clarior
1044 456 1159 513 ignis
1422 452 1511 499 '705

76 531 286 586 Auditur,
312 529 577 587 propiusque
600 534 749 572 aestus
772 528 977 571 incendia
998 527 1193 571 volvunt.

77 601 103 622 ‘⁶
121 602 239 658 Ergo
260 616 354 658 age,
379 615 475 644 care
496 606 637 658 pater,
663 599 821 643 cervici
841 599 1063 656 imponere
1085 604 1258 642 nostrae
1275 613 1286 653 3

76 672 103 693 “
122 673 223 729 Ipse
246 673 400 716 subibo
422 672 630 727 humeris,
655 687 734 714 nec
756 686 827 714 me
849 671 972 713 labor
991 671 1075 714 iste
1098 670 1298 726 gravabit
1318 684 1327 714 ε

76 744 102 764 “
127 744 223 797 Quo
245 758 310 786 res
333 758 522 800 cumque
545 744 718 799 cadent,
743 757 885 785 unum
907 747 953 785 et
975 756 1207 784 commune
1230 741 1464 798 periclum,

77 813 105 835 “
124 814 231 858 Una
252 815 370 858 salus
391 815 604 857 ambobus
627 814 720 857 erit.
786 813 899 856 Mihi
921 828 1080 870 parvus
1102 813 1229 856 Iulus
1423 810 1512 857 710

77 886 106 907 “
124 886 192 929 Sit
215 900 370 941 comes,
394 892 439 929 et
460 883 587 942 longe
610 890 750 928 servet
774 885 961 941 vestigia
982 885 1154 941 conjux,

76 958 103 979 “
121 957 227 1014 Vos,
250 957 421 1012 famuli,
446 970 556 1012 quae
579 956 738 1011 dicam,
762 956 921 999 animis
943 956 1160 998 advertite
1182 955 1349 999 vestris.

76 1029 103 1051 “
122 1029 208 1072 Est
229 1028 337 1071 urbe
360 1027 540 1085 egressis
562 1027 763 1070 tumulus
785 1027 1093 1084 templumque
1114 1032 1346 1069 vetustum

75 1100 103 1122 ‘⁶
123 1101 332 1144 Desertae
356 1099 538 1153 Cereris,
558 1099 778 1156 juxtaque
801 1099 986 1156 antiqua
1009 1113 1240 1156 cupressus

75 1171 103 1193 “
121 1171 347 1228 Religione
368 1175 549 1227 patrum
570 1170 735 1213 multos
758 1175 931 1213 servata
953 1185 1187 1226 perannos
1205 1185 1215 1225 3
1423 1167 1510 1214 715

75 1241 102 1264 “
121 1241 251 1285 Hanc
273 1257 328 1284 ex
349 1242 517 1284 diverso
540 1242 687 1284 sedem
710 1241 937 1284 veniemus
960 1242 1007 1283 in
1029 1256 1176 1285 unam.

75 1312 103 1334 “
122 1313 206 1368 Tu,
231 1312 415 1370 genitor,
441 1327 546 1369 cape
570 1327 691 1355 sacra
713 1327 851 1355 manu
873 1312 1126 1369 patriosque
1150 1313 1344 1355 Penates
1364 1327 1373 1356 :

75 1383 103 1405 “
122 1383 195 1426 Me
216 1384 330 1427 beHo
351 1398 374 1426 e
398 1388 524 1426 tanto
547 1383 790 1441 digressum
813 1390 856 1426 et
880 1385 1010 1427 caede
1034 1384 1199 1426 recenti

75 1455 104 1477 ‘⁶
121 1455 374 1498 Attrectare
396 1454 532 1510 nefas
556 1455 692 1498 donec
716 1469 786 1498 me
808 1455 991 1497 flumine
1012 1454 1112 1498 vivo

76 1525 104 1547 “
118 1525 323 1569 Abluero.
327 1527 353 1544 '²
1423 1523 1513 1570 720

164 1596 287 1639 Haec
310 1596 445 1651 fatus,
468 1596 581 1639 latos
601 1596 805 1639 humeros
829 1596 1114 1652 subjectaque
1138 1596 1249 1639 colla

74 1666 211 1710 Veste
234 1680 363 1723 super
382 1665 581 1723 fulvique
603 1666 820 1709 insternor
844 1666 958 1723 pelle
980 1666 1130 1721 leonis,

76 1738 356 1794 Succedoque
378 1737 523 1791 oneri3
559 1737 741 1780 dextrae
764 1751 808 1780 se
830 1752 991 1793 parvus
1013 1736 1139 1779 Iulus

73 1807 305 1865 Implicuit
329 1807 617 1863 sequiturque
640 1812 814 1863 patrem
835 1821 924 1849 non
947 1807 1152 1864 passibus
1175 1807 1325 1863 aequis
1345 1820 1357 1861 3

74 1879 194 1922 Pone
217 1878 336 1922 subit
359 1878 530 1934 conjux,
594 1878 798 1920 Ferimur
819 1892 897 1934 per
918 1892 1053 1934 opaca
1073 1878 1267 1920 locorum
1285 1892 1296 1932 3
1422 1876 1510 1923 '725

74 1950 135 1992 Et
151 1964 236 2005 me,
260 1964 393 2005 quem
414 1950 584 1992 dudum
606 1964 694 1992 non
715 1949 806 1991 ulla
827 1949 990 2005 injecta
1012 1949 1249 1992 movebant

75 2021 184 2063 Tela
204 2035 346 2076 neque
370 2021 547 2063 adverso
569 2021 797 2077 glomerati
819 2035 873 2063 ex
895 2021 1069 2078 agmine
1094 2021 1232 2075 Graii,

74 2091 206 2134 Nunc
229 2106 378 2134 omnes
401 2096 568 2134 terrent
590 2106 736 2147 aurae,
763 2107 893 2135 sonus
916 2092 1084 2135 excitat
1107 2092 1248 2134 omnis

76 2164 350 2219 Suspensum
373 2168 418 2205 et
440 2163 606 2218 pariter
627 2163 865 2218 comitique
889 2164 1095 2220 onerique
1118 2164 1367 2206 timentem.

75 2233 268 2288 Jamque
290 2232 638 2289 propinquabam
662 2233 800 2288 portis
822 2248 1084 2290 omnemque
1106 2235 1284 2276 Videbar
1422 2231 1511 2277 730

75 2303 275 2346 Evasisse
297 2303 430 2359 viam,
455 2303 600 2346 subito
623 2317 763 2358 quum
785 2304 932 2345 creber
953 2305 1009 2346 ad
1032 2318 1157 2346 aures

75 2373 211 2416 Visus
233 2374 381 2416 adesse
403 2374 568 2430 pedum
591 2373 774 2429 sonitus3
800 2373 1057 2430 genitorque
1081 2387 1158 2429 per
1180 2373 1388 2415 umbram

76 2444 351 2501 Prospiciens
370 2444 397 2466 ‘⁶
413 2444 574 2500 Nate,'’
594 2444 814 2487 exclamat
833 2443 861 2464 ‘⁶
875 2443 997 2500 fuge,
1013 2449 1145 2498 nate3
1180 2444 1480 2501 propinquant
1497 2458 1507 2488 ε

78 2514 106 2537 “
124 2515 344 2559 Ardentes
367 2516 528 2573 clipeos
549 2520 686 2572 atque
708 2529 810 2557 aera
825 2515 1045 2559 micantia
1067 2516 1223 2559 cerno!

77 2585 163 2630 Hic
185 2587 296 2630 mihi
316 2587 460 2630 nescio
483 2587 601 2643 quod
623 2585 793 2643 trepido
815 2586 931 2629 male
953 2600 1120 2629 numen
1143 2585 1338 2629 amicum
1420 2582 1509 2631 735
