1741 2902
600 119 828 168 AENEiDos
860 132 946 162 Lm.
981 130 1063 160 XII.
1457 110 1542 155 279

120 255 256 299 Haud.
278 265 400 296 secus
420 245 628 291 instructi
647 245 774 298 ferro,
799 254 932 298 quam
955 238 991 281 si
1013 250 1165 292 aspera
1189 233 1347 276 Martis

120 329 277 385 Pugna
298 328 432 366 vocet.
496 319 589 362 Nec
612 332 699 360 non
719 313 875 358 mediis
895 312 942 354 in
963 309 1158 352 millibus
1180 306 1265 363 ipsi
1462 303 1546 346 125

122 400 338 442 Ductores
360 407 464 435 auro
484 390 674 432 volitant
695 391 897 440 ostroque
920 379 1108 438 superbi,

122 470 184 512 Et
206 480 341 524 genus
363 461 567 506 Assaraci
589 450 861 510 Mnestheus,
886 459 931 496 et
954 451 1077 495 fortis
1099 449 1259 503 Asilas,

123 539 185 582 Et
207 538 436 592 Messapus
459 537 621 589 equum
643 527 844 581 domitor,
864 522 1092 580 Neptunia
1114 520 1265 578 proles.

125 611 279 665 thue
302 607 405 649 dato
429 605 549 661 signo
573 599 718 658 spatia
741 599 786 640 in
810 611 890 639 sua
913 595 1096 651 quisque
1119 589 1320 643 recessit;

127 680 340 735 Defigunt
363 674 511 733 telluri
532 673 681 715 hastas
705 675 749 711 et
773 674 897 711 scuta
920 664 1141 708 reclinant.
1464 657 1552 699 130

129 751 247 793 Tum
270 747 414 791 studio
438 745 598 787 effusae
621 746 784 783 matres
809 744 852 780 et
875 737 1032 792 vulgus
1054 735 1271 776 inermum

130 817 406 873 Invalidique
428 829 550 858 senes
572 818 714 855 turres
737 814 781 851 et
807 812 928 850 tecta
950 807 1178 848 domorum

133 892 367 944 Obsedere,
393 888 467 930 alii
489 885 624 942 portis
650 881 907 925 sublimibus
930 878 1122 920 adstant.

224 962 289 1004 At
312 960 431 1002 Juno
454 971 476 998 e
500 967 682 1007 summo,
707 951 783 1006 qui
803 963 919 991 nunc
943 947 1146 989 Albanus
1167 942 1388 985 habetur-

133 1034 253 1076 Tum
270 1043 411 1085 neque
428 1040 586 1069 nomen
604 1028 697 1065 erat
715 1034 856 1076 neque
871 1019 1006 1060 honos
1024 1021 1103 1058 aut
1118 1013 1252 1070 gloria
1266 1011 1436 1054 monti-
1447 1044 1458 1065 ,
1472 1010 1559 1051 135

133 1101 405 1158 Prospiciens
427 1096 598 1140 tumulo
621 1086 1136 1149 campumadspectabat
1160 1089 1204 1126 et
1227 1083 1381 1125 ambas

134 1176 411 1218 Laurentum
433 1170 682 1222 Troumque
705 1165 817 1207 acies
839 1161 1078 1216 urbemque
1100 1155 1262 1199 Latini.

135 1244 374 1301 Extemplo
398 1240 537 1284 Turni
557 1239 617 1282 sic
640 1242 705 1279 est
727 1234 862 1278 affata
885 1244 1084 1284 sororem,

139 1317 253 1360 Diva
273 1316 413 1369 deam,
439 1310 603 1368 stagnis
626 1321 737 1365 quae
759 1303 1100 1356 fluminibusque
1123 1296 1284 1341 sonoris

141 1385 526 1432 Praesidet-hunc
546 1381 612 1424 illi
634 1393 711 1433 rex
732 1375 919 1420 aetheris
942 1373 1059 1415 altus
1081 1370 1288 1413 honorem
1478 1361 1565 1405 140

141 1459 320 1515 Jupiter
341 1461 491 1511 erepta
513 1468 588 1510 pro
610 1449 864 1506 virginitate
887 1443 1107 1495 sacravit-
1128 1455 1137 1484 :

144 1529 172 1551 ‘⁴
190 1527 414 1587 Nympha,
438 1526 568 1567 decus
590 1521 836 1572 fluviorum,
861 1515 1006 1558 animo
1029 1510 1251 1555 carissima
1273 1512 1433 1560 nostro,

145 1600 174 1621 ‘⁶
194 1599 301 1654 Scis,
324 1601 375 1638 ut
399 1601 444 1637 te
467 1592 634 1636 cunetis
656 1603 806 1643 unam,
830 1596 1130 1642 quaecumque
1152 1579 1337 1622 Latinae

147 1671 173 1692 “
195 1665 469 1725 Magnanimi
490 1664 520 1707 J
525 1663 614 1706 ovis
634 1663 860 1717 ingratum
881 1653 1142 1698 adscendere
1165 1649 1320 1703 cubile,

149 1742 175 1763 ‘⁶
193 1737 497 1795 Praetulerim,
521 1733 714 1788 coelique
735 1730 876 1772 libens
896 1727 943 1769 in
964 1728 1091 1781 parte
1112 1720 1292 1764 locarim
1311 1732 1321 1762 ε
1478 1714 1564 1757 145

150 1811 178 1833 “
198 1811 328 1853 Disce
351 1813 494 1861 tuum,
518 1818 573 1846 ne
593 1816 664 1844 me
686 1801 873 1852 incuses,
897 1796 1107 1847 Juturna,
1132 1791 1333 1834 dolorem.

151 1882 177 1903 “
194 1882 291 1935 Qua
313 1879 407 1921 visa
428 1881 494 1919 est
515 1875 692 1917 fortuna
713 1869 823 1927 pati,
847 1868 1097 1920 Parcaeque
1121 1861 1323 1917 sinebant

151 1953 179 1974 ‘⁴
198 1952 358 1996 Cedere
379 1962 446 1997 res
467 1945 611 1998 Latio,
636 1942 836 1985 Turnum
858 1943 902 1981 et
926 1942 1006 1979 tua
1027 1933 1198 1976 moenia
1221 1930 1314 1974 texi
1333 1943 1344 1983 3

153 2023 181 2044 ‘⁶
198 2021 331 2064 Nunc
348 2019 557 2075 juvenem
577 2012 819 2071 imparibus
839 2009 965 2052 video
989 2004 1237 2059 concurrere
1258 2000 1376 2055 fatis,

155 2093 181 2114 “
201 2093 524 2144 Parcarumque
547 2085 638 2129 dies
660 2088 706 2126 et
726 2082 791 2125 vis
812 2079 991 2124 inimica
1012 2075 1292 2134 propinquat.
1491 2066 1578 2110 150

156 2163 184 2184 ‘⁶
202 2161 304 2204 Non
325 2172 522 2216 pugnam
543 2155 762 2212 adspicere
782 2152 895 2194 hanc
913 2148 1061 2202 oculis,
1080 2160 1168 2188 non
1182 2143 1356 2187 foedera
1371 2151 1550 2196 possum
1567 2149 1578 2188 3

160 2233 187 2254 “
207 2232 293 2287 Tu,
316 2244 394 2287 pro
415 2240 618 2285 germano
640 2224 676 2267 si
697 2222 804 2278 quid
825 2217 1099 2280 praesentius
1121 2212 1271 2267 audes,

160 2303 187 2324 ‘⁴
206 2302 371 2357 Perge:
406 2298 545 2341 decet.
605 2294 773 2336 Forsan
794 2289 970 2332 miseros
991 2284 1171 2328 meliora
1193 2277 1470 2336 sequentur.'’

161 2373 251 2417 Vix
273 2386 337 2426 ea,
362 2382 500 2426 quum
519 2364 721 2409 lacrimas
743 2359 878 2404 oeulis
900 2357 930 2400 J
935 2362 1096 2399 uturna
1116 2351 1326 2409 profudit,

163 2445 332 2499 Terque
353 2443 594 2496 quaterque
615 2447 751 2476 manu
772 2434 926 2487 pectus
948 2423 1159 2483 percussit
1182 2422 1428 2464 honestum.
1494 2417 1582 2459 155

164 2515 191 2536 “
208 2513 310 2556 Non
329 2509 518 2554 lacrimis
538 2508 618 2550 hoc
642 2510 816 2559 tempus
830 2502 853 2519 ”
878 2498 941 2541 ait
967 2494 1174 2541 Saturnia
1196 2492 1317 2535 Juno
1333 2505 1344 2545 3

166 2585 193 2606 “
213 2583 432 2636 Accelera‚
456 2585 500 2622 et
521 2578 715 2629 fratrem,
740 2573 775 2615 si
799 2571 896 2627 quis
919 2569 1089 2622 modus,
1113 2566 1227 2620 eripe
1250 2562 1393 2617 morti,
