1731 2923
656 135 748 164 AEN
756 133 887 163 EIDOS
921 134 1005 163 LIB.
1042 132 1120 162 VII.

1518 121 1603 163 155

177 247 206 268 ‘⁶
220 244 558 302 Auguriumque
576 256 706 286 suum
727 245 735 285 Ξ
783 240 990 295 Dabitur,
1013 238 1212 296 Trojane,
1228 237 1345 294 quod
1363 242 1502 294 optas,
1517 238 1605 280 260

178 317 205 338 “
225 316 410 358 Munera
432 328 511 356 nee
534 327 697 370 sperno.
762 311 864 354 Non
886 310 1022 365 vobis,
1047 323 1145 366 rege
1169 309 1343 363 Latino,

179 387 206 408 ‘⁶
223 386 387 429 Divitis
408 385 517 427 uber
539 384 632 441 agri
656 383 864 439 Trojaeve
887 381 1116 438 opulentia
1138 379 1286 424 deerit.

180 459 209 479 ¹⁶
225 458 327 514 Ipse
347 457 474 499 modo
497 456 684 510 Aeneas,
708 454 847 497 nostri
870 454 905 496 si
928 459 1058 496 tanta
1081 452 1241 508 cupido
1265 457 1345 507 est,

182 528 205 549 ·'‘
226 529 271 572 Si
287 527 417 585 jungi
437 527 628 583 hospitio
651 531 855 583 properat
880 525 1105 580 sociusque
1129 523 1285 578 vocari,

181 598 205 619 “
225 598 462 653 Adveniat,
488 598 638 640 vultus
660 611 768 639 neve
791 596 1068 639 exhorrescat
1091 594 1253 636 amieos
1274 608 1283 637 ε

179 668 207 691 “
231 669 338 711 Pars
360 668 468 711 mihi
490 668 608 725 pacis
631 667 712 710 erit
735 668 938 709 dextram
959 665 1155 722 tetigisse
1179 663 1365 720 tyranni.

180 739 209 759 “
226 739 317 781 Vos
340 744 491 781 contra
514 738 604 796 regi
625 752 723 780 mea
744 752 861 779 nune
886 737 1097 779 mandata
1120 735 1285 778 referte.

181 810 208 830 ‘⁴
226 810 310 852 Est
332 810 441 852 mihi
462 815 581 865 nata,
605 809 695 851 viro
718 808 862 865 gentis
885 822 1020 863 quam
1036 806 1220 863 jungere
1244 811 1416 848 nostrae

181 880 209 901 ‘⁶
228 880 330 922 Non
351 879 492 935 patrio
515 893 570 921 ex
592 879 724 934 adyto
748 883 896 932 sortes,
920 892 1007 919 non
1028 877 1218 933 plurima
1240 876 1358 919 coelo

181 951 208 971 “
227 950 423 992 Monstra
444 949 620 992 sinunt:
656 963 831 1005 generos
855 947 1047 989 externis
1069 947 1200 989 affore
1223 947 1278 989 ab
1300 946 1398 1001 oris,

181 1021 207 1042 ‘⁴
226 1020 321 1063 Hoc
345 1020 475 1062 Latio
498 1023 658 1062 restare
681 1023 862 1073 canunt,
888 1017 965 1073 qui
987 1015 1197 1072 sanguine
1220 1021 1421 1058 nostrum

181 1091 208 1112 “
226 1091 397 1133 Nomen
419 1090 465 1132 in
486 1094 605 1132 astra
626 1089 779 1132 ferant.
845 1087 977 1129 Hunc
1000 1086 1128 1128 illum
1151 1099 1323 1142 poscere
1344 1085 1437 1127 fata

182 1162 208 1182 ‘⁴
227 1162 288 1205 Et
311 1176 401 1204 reor
423 1166 482 1216 et,
507 1160 542 1203 si
564 1159 669 1216 quid
691 1159 782 1202 veri
804 1173 926 1201 mens
949 1162 1151 1214 augurat,
1176 1158 1320 1212 opto.”

181 1233 302 1275 Haec
326 1231 500 1287 effatus,
525 1245 657 1287 equos
679 1244 859 1272 numero
882 1234 1008 1285 pater
1029 1228 1152 1284 eligit
1175 1227 1314 1270 omni-

184 1304 375 1348 Stabant
397 1308 465 1345 ter
486 1307 665 1345 centum
687 1300 818 1343 nitidi
839 1300 886 1342 in
908 1299 1190 1356 praesepibus
1212 1297 1353 1341 altis-2

186 1375 404 1419 Omnibus
426 1373 649 1430 extemplo
672 1371 850 1415 Teucris
868 1371 997 1427 jubet
1020 1370 1168 1413 ordine
1191 1369 1293 1411 duci

185 1447 402 1489 Instratos
425 1450 540 1488 ostro
563 1443 754 1500 alipedes
776 1442 993 1499 pictisque
1015 1440 1206 1496 tapetis-

185 1519 334 1561 Aurea
355 1517 604 1574 pectoribus
626 1515 814 1558 demissa
836 1512 1015 1556 monilia
1036 1512 1231 1568 pendent
1252 1525 1263 1565 3

186 1589 313 1632 Tecti
334 1603 450 1643 auro,
473 1588 645 1630 fulvum
667 1585 886 1628 mandunt
911 1583 992 1626 sub
1014 1582 1221 1625 dentibus
1243 1595 1421 1623 aurum-
1437 1594 1448 1635 ;

185 1659 375 1704 Absenti
396 1658 573 1701 Aeneae
596 1670 772 1699 currum
795 1654 1075 1711 geminosque
1092 1651 1265 1708 jugales

188 1731 362 1776 Semine
385 1730 440 1772 ab
459 1728 664 1783 aetherio,
691 1726 905 1783 spirantes
927 1724 1106 1766 naribus
1128 1723 1295 1779 ignem,

190 1804 368 1846 Illorum
390 1801 442 1843 de
464 1804 609 1856 gente,
636 1797 754 1854 patri
777 1811 883 1853 quos
906 1794 1089 1838 daedala
1112 1793 1237 1837 Circe

190 1872 427 1930 Supposita
448 1871 501 1913 de
524 1875 663 1912 matre
686 1868 843 1910 nothos
865 1867 1012 1909 furata
1034 1864 1211 1908 creavit.

190 1944 373 1986 Talibus
396 1941 631 1984 Aeneadae
654 1938 779 1981 donis
802 1937 1023 1992 dictisque
1046 1934 1199 1977 Latini

191 2015 408 2069 Sublimes
429 2013 475 2054 in
497 2011 619 2067 equis
642 2010 842 2062 redeunt,
867 2020 1108 2064 pacemque
1132 2008 1372 2061 reportant.

280 2084 395 2126 Ecce
418 2088 570 2125 autem
592 2080 782 2122 Inachiis
805 2077 1130 2121 sesereferebat
1152 2076 1207 2118 ab
1230 2074 1361 2130 Argis

194 2156 332 2198 Saeva
353 2153 383 2195 J
388 2152 479 2194 ovis
501 2150 677 2206 conjux,
701 2162 915 2203 aurasque
939 2147 1114 2188 invecta
1138 2145 1319 2187 tenebat
1337 2159 1348 2197 ;

192 2225 254 2267 Et
275 2224 447 2266 laetum
468 2221 651 2263 Aenean
673 2219 941 2273 classemque
966 2231 1020 2258 ex
1042 2216 1214 2258 aethere
1237 2215 1365 2270 longe

194 2293 467 2338 Dardaniam
491 2290 636 2335 Siculo
657 2288 879 2345 prospexit
902 2287 957 2329 ab
980 2300 1116 2341 usque
1142 2284 1360 2339 Pachyno.

195 2364 339 2408 Moliri
353 2364 447 2420 jam
468 2367 589 2405 tecta
612 2361 745 2415 videt,
765 2359 859 2415 jam
881 2358 1010 2400 fidere
1033 2361 1173 2398 terrae
1190 2369 1200 2409 3

197 2435 445 2479 Deseruisse
469 2438 594 2475 rates.
663 2431 799 2474 Stetit
821 2429 909 2471 aeri
930 2429 1019 2470 fixa
1041 2427 1185 2469 dolore
1203 2439 1212 2479 3

198 2506 316 2548 Tum
340 2518 549 2562 quassans
572 2506 721 2558 caput,
744 2501 851 2543 haec
874 2498 1062 2541 effundit
1084 2502 1259 2554 pectore
1283 2495 1429 2538 dieta:

201 2576 230 2598 “
250 2576 351 2618 Heu
374 2575 559 2633 stirpem
581 2573 762 2615 inrisam
788 2575 832 2613 et
855 2569 959 2612 fatis
982 2567 1194 2611 contraria
1217 2566 1373 2609 nostris.

1523 943 1610 989 270

1525 1295 1613 1341 275

1528 1650 1616 1693 280

1530 2003 1619 2046 285

1535 2354 1624 2396 290
