1741 2902
621 191 849 222 AENEIDos
882 193 967 224 ΜΒ.
1003 193 1065 224 ix.
1482 182 1561 223 20]

139 298 355 343 Ductores
379 299 600 341 Teucrum
623 298 770 355 primi,
794 299 964 342 delecta
980 299 1208 356 juventus,

139 368 384 412 Consilium
406 363 590 412 summis
613 369 733 425 regni
755 370 808 412 de
832 370 959 413 rebus
981 370 1219 426 habebant,

139 439 255 492 Quid
276 439 483 495 facerent,
509 439 658 495 quisve
682 439 859 482 Aeneae
876 440 971 496 jam
994 440 1179 483 nuntius
1204 446 1318 484 esset
1338 455 1348 485 t

141 509 273 553 Stant
295 510 434 567 longis
457 510 610 553 adnixi
631 510 770 553 hastis
793 516 836 553 et
860 517 985 554 scuta
1008 517 1208 554 tenentes

140 579 394 623 Castrorum
418 586 462 623 et
485 581 629 637 campi
651 581 805 624 medio.
871 581 989 623 Tum
1012 581 1147 624 Nisus
1169 588 1213 624 et
1239 597 1328 624 una
1481 582 1572 625 230

141 650 360 707 Euryalus
382 652 610 694 confestim
633 652 794 694 alacres
817 648 1044 694 admitti'er
1066 658 1190 695 orant
1208 667 1217 696 t

145 722 256 763 Rem
276 737 498 779 magnam,
518 722 797 779 pretiumque
821 737 966 765 morae
987 723 1086 766 fore.
1152 724 1329 766 Primus
1354 724 1480 766 Iulus

140 791 327 848 Accepit
350 793 553 849 trepidos,
579 807 628 835 ac
653 793 814 835 Nisum
836 793 976 836 dicere
994 793 1141 849 jussit.

144 861 263 904 Tum
286 863 344 905 sic
369 863 660 919 Hyrtacides:
698 863 725 884 ‘⁶
742 863 910 906 Audite
933 878 957 906 o
979 859 1204 907 mentibus
1227 865 1389 921 aequis,

146 932 173 954 ‘⁶
191 933 442 989 Aeneadae,
467 948 576 976 neve
599 934 706 976 haec
729 934 888 977 nostris
913 941 1169 990 spectentur
1190 936 1244 978 ab
1268 936 1406 992 annis,
1482 937 1570 980 235

143 1004 172 1024 “
191 1005 310 1057 Quae
333 1005 525 1048 ferimus.
592 1005 753 1047 Rutuli
777 1019 925 1048 somno
948 1005 1133 1061 vinoque
1157 993 1289 1048 soluti

142 1074 170 1095 “
188 1074 446 1117 Conticuere
463 1089 474 1128 ;
500 1064 653 1117 ‘locum
674 1075 842 1117 insidiis
864 1075 1168 1131 conspeximus
1190 1075 1287 1132 ipsi,

144 1145 173 1165 “
193 1145 287 1198 Quiv
302 1151 426 1201 patet
448 1145 495 1187 in
515 1145 630 1188 bivio
653 1150 818 1202 portae,
844 1160 954 1201 quae
976 1145 1178 1202 proxima
1200 1152 1337 1203 ponto
1358 1161 1369 1201 3

144 1216 172 1237 “
187 1215 432 1272 Interrupti
454 1216 590 1272 ignes,
615 1221 797 1272 aterque
820 1217 876 1258 ad
899 1216 1040 1259 sidera
1062 1217 1210 1259 fumus

144 1287 170 1307 ‘⁴
186 1287 410 1343 Erigitur:
443 1287 482 1330 ‘si
504 1287 681 1330 fortuna
703 1287 961 1348 permittitis
983 1288 1066 1344 uti,
1482 1288 1571 1331 240

142 1359 169 1379 ‘⁶
189 1359 452 1412 Quaesitum
473 1359 657 1401 Aenean
678 1365 723 1402 et
745 1359 917 1402 moenia
939 1359 1170 1402 Pallantea
1193 1374 1204 1414 3

143 1430 169 1450 ‘⁴
189 1430 296 1472 Mox
319 1430 391 1473 hic
413 1444 516 1473 cum
539 1431 701 1487 spoliis,
725 1430 898 1486 ingenti
920 1419 1051 1474 caede
1073 1435 1264 1487 peracta,

144 1500 174 1522 “
193 1500 340 1543 Affore
363 1500 564 1549 cernetis.
627 1501 721 1543 Nec
745 1516 822 1543 nos
843 1501 914 1542 via
934 1501 1051 1543 fallit
1074 1506 1253 1544 euntes:

143 1570 172 1592 ‘⁶
191 1570 397 1613 Vidimus
420 1570 613 1613 obscuris
624 1559 823 1627 'primam
846 1568 934 1613 sub*
948 1570 1136 1618 vallibus
1159 1571 1312 1612 urbem

143 1641 170 1662 “
188 1641 370 1683 Venatu
392 1641 565 1683 assiduo
587 1645 632 1683 et
654 1646 799 1683 totum
822 1640 1102 1696 cognovimus
1125 1642 1340 1684 amnem.''
1476 1640 1564 1684 245

141 1712 227 1754 Hic
251 1712 375 1754 annis
397 1710 540 1768 gravis
562 1716 695 1767 atque
718 1710 853 1753 animi
875 1716 1076 1753 maturus
1100 1710 1278 1754 Aletes:

143 1783 170 1802 ·'‘
187 1782 245 1825 Di
266 1781 414 1838 patrii,
439 1786 623 1837 qu'orum
646 1795 815 1837 semper
837 1781 917 1823 sub
939 1780 1119 1822 numine
1143 1780 1274 1836 Troja
1296 1785 1378 1835 est,

143 1853 171 1874 ‘⁶
189 1852 291 1896 Non
314 1858 461 1895 tamen
484 1851 660 1894 omnino
684 1851 871 1894 Teucros
894 1852 1034 1894 delere
1059 1851 1238 1908 paratis,

144 1923 171 1945 ‘⁴
192 1925 340 1977 Quum
361 1923 472 1966 tales
494 1923 661 1966 animos
678 1922 892 1979 juvenum
916 1927 960 1965 et
984 1928 1078 1965 tam
1100 1928 1218 1964 certa
1240 1921 1408 1964 tulistis

143 1995 171 2016 ‘⁶
186 1995 413 2038 Pectora?
432 1994 502 2037 Sic
520 2008 779 2049 memorans,
790 1993 995 2036 humeros
1008 1994 1271 2048 dextrasque
1288 1993 1468 2035 tenebat
1484 1993 1573 2037 250

141 2064 401 2119 Amborum,
426 2071 470 2106 et
492 2064 670 2106 vultum
690 2063 881 2106 lacrimis
905 2069 1038 2119 atque
1061 2050 1354 2119 ora‘rigabat:

143 2134 171 2157 ‘⁶
191 2135 313 2188 Quae
334 2134 468 2188 vobis,
493 2148 604 2190 quae
627 2134 774 2191 digna,
797 2133 892 2189 viri,
917 2148 994 2190 pro
1016 2134 1221 2176 laudibus
1242 2133 1339 2176 istis

143 2204 388 2247 “Praemia
408 2218 532 2260 posse
554 2218 648 2246 rear
670 2204 815 2247 solvi?
880 2204 1182 2246 Pulcherrima
1202 2203 1394 2260 primum

144 2276 171 2297 “
191 2276 251 2319 Di
271 2289 496 2331 moresque
519 2275 689 2317 dabunt
712 2275 872 2328 vestri3
906 2280 1007 2316 tum
1030 2280 1173 2317 cetera
1195 2274 1347 2316 reddet

143 2347 172 2369 “
190 2347 414 2389 Actutum
436 2345 535 2401 pius
557 2344 744 2399 Aeneas,
768 2350 902 2400 atquc
924 2344 1093 2400 integer
1114 2344 1209 2386 aevi
1479 2344 1570 2387 255

143 2418 170 2439 “
189 2416 420 2472 Ascanius,
444 2416 590 2458 meriti
611 2406 737 2457 tanti*
752 2430 839 2458 non
863 2415 1092 2457 immemor
1113 2416 1366 2471 umquam.'’
1383 2450 1390 2458 .
1409 2449 1418 2457 .
1435 2449 1468 2458 ..

144 2489 172 2511 “
190 2490 335 2532 Immo
358 2502 436 2544 ego
458 2501 546 2541 vos,
572 2486 643 2528 cui
665 2486 754 2528 sola
777 2486 893 2528 salus
915 2485 1110 2541 genitore
1133 2486 1358 2540 reducto,''

143 2559 324 2615 Excipit
347 2557 564 2600 Ascanius
589 2555 617 2577 ‘⁶
634 2571 710 2612 per
730 2570 925 2612 magnos,
949 2555 1069 2610 Nise,
1095 2555 1283 2597 Penates

145 2629 174 2652 “
191 2628 480 2685 Assaracique
503 2628 659 2670 Larem
680 2631 725 2669 ct
747 2641 879 2669 canae
901 2625 1143 2682 penetralia
1166 2624 1333 2668 Vestae

571 2692 622 2734 95<
