1757 2916
149 124 235 168 106
647 134 880 165 AENfflnos
913 134 999 166 Lm.
1034 134 1077 165 v.

146 244 173 266 “
193 244 383 302 Sanguis
403 244 551 300 hebet,
574 243 821 301 frigentque
845 241 1000 286 effetae
1022 242 1068 284 in
1091 255 1265 298 corpore
1287 240 1412 284 vires.

147 315 176 338 ‘⁶
196 315 252 362 Si·
264 316 388 372 mihi,
412 330 526 373 quae
543 316 768 372 quondam
787 315 949 370 fuerat,
974 327 1148 370 quaque
1170 313 1399 370 improbus
1421 311 1506 355 iste

145 388 173 409 “
191 388 407 431 Exsultat
429 387 583 443 fidens,
608 386 646 430 si
667 401 785 429 nunc
807 385 918 428 foret
940 385 1017 427 illa
1034 385 1242 441 juventas
1259 398 1270 439 ;

145 459 172 480 “
192 459 328 502 Haud
349 458 555 516 equidem
577 457 716 515 pretio
738 457 948 499 inductus
970 456 1243 512 pulchroque
1261 455 1450 512 juvenco

145 529 172 551 “
191 529 423 572 Venissem
442 544 451 573 :
486 543 565 572 nec
589 529 704 572 dona
725 528 902 570 moror.”
970 527 1041 570 Sic
1064 527 1220 569 deinde
1242 527 1418 569 locutus
1496 525 1583 567 400

144 601 199 644 In
220 600 417 643 medium
440 599 634 656 geminos
655 597 841 640 immani
864 598 1053 654 pondere
1077 603 1224 640 cestus
1409 600 1420 609 '

144 672 348 729 Projecit,
373 671 532 728 quibus
556 684 658 713 acer
677 669 800 725 Eryx
821 669 869 711 in
889 669 1055 725 proelia
1078 674 1231 735 suetus

145 744 276 786 Ferre
298 757 484 785 manum
506 742 703 797 duroque
725 740 951 783 intendere
972 740 1154 783 brachia
1176 744 1310 796 tergo.

144 814 425 871 Obstupuere
447 812 609 856 animi:
644 816 875 856 tantorum
895 811 1099 867 ingentia
1121 816 1294 868 septem

147 886 289 943 Terga
310 885 446 928 boum
468 884 650 941 plumbo
672 883 820 927 insuto
842 883 1042 940 ferroque
1065 882 1282 940 rigebant.
1496 881 1586 926 405

149 957 266 999 Ante
290 970 439 999 omnes
462 960 613 1013 stupet
634 955 728 1012 ipse
753 954 906 1010 Dares,
928 955 1145 1011 longeque
1167 959 1341 998 recusat
1359 969 1371 1009 3

145 1027 546 1085 Magnanimusque
568 1026 861 1070 Anchisiades
884 1031 929 1069 et
951 1026 1123 1082 pondus
1145 1030 1190 1068 et
1212 1025 1309 1083 ipsa

145 1099 248 1142 Huc
271 1099 376 1142 illuc
398 1098 642 1141 vinclorum
662 1097 881 1140 immensa
902 1096 1130 1139 volumina
1152 1102 1308 1141 versat.

144 1170 264 1213 Tum
285 1169 428 1213 senior
448 1169 561 1212 tales
583 1169 796 1211 referebat
819 1172 996 1225 pectore
1019 1181 1169 1212 voces:

145 1241 171 1262 ‘⁶
191 1241 323 1296 Quid,
343 1240 380 1284 si
401 1239 499 1296 quis
522 1245 666 1283 cestus
687 1238 827 1296 ipsius
850 1244 895 1281 et
918 1238 1124 1282 Herculis
1146 1252 1274 1281 arma
1452 1245 1470 1259 ⁸
1494 1238 1585 1282 410

145 1312 173 1332 ‘⁶
192 1311 404 1368 Vidisset,
428 1311 690 1367 tristemque
711 1311 793 1353 hoc
815 1310 911 1367 ipso
932 1310 979 1353 in
999 1310 1126 1353 litore
1149 1325 1345 1367 pugnam
1363 1311 1384 1354 P

145 1385 173 1405 ἰ
194 1383 316 1425 Haec
340 1397 569 1440 germanus
597 1381 717 1438 Eryx
740 1382 964 1438 quondam
988 1387 1093 1425 tuus
1116 1396 1237 1424 arma
1258 1382 1460 1439 gerebat-

145 1452 172 1474 “
193 1453 414 1510 Sanguine
437 1453 574 1495 cernis
598 1452 744 1494 adhuc
769 1466 1002 1508 sparsoque
1025 1452 1188 1495 infecta
1210 1453 1416 1496 cerebro-.

145 1524 172 1544 ‘⁴
193 1524 276 1566 His
298 1530 509 1580 magnum
533 1522 722 1565 Alciden
745 1527 898 1565 contra
921 1523 1046 1565 stetit
1063 1537 1074 1578 ;
1108 1523 1176 1566 his
1199 1538 1278 1580 ego
1303 1529 1470 1579 suetus,

146 1594 172 1615 ‘⁶
193 1594 316 1636 Dum
338 1593 489 1636 melior
510 1592 620 1636 vires
644 1592 824 1650 sanguis
849 1593 998 1648 dabat,
1024 1594 1199 1636 aemula
1221 1594 1411 1636 necdum
1495 1593 1585 1638 415

144 1665 171 1686 ‘⁶
192 1665 482 1722 Temporibus
502 1664 692 1722 geminis
714 1664 903 1707 canebat
926 1679 1075 1721 sparsa
1098 1669 1311 1708 senectus.

148 1736 172 1757 ἶ(
194 1737 281 1781 Sed
303 1737 340 1779 si
361 1741 510 1779 nostra
534 1736 673 1778 Dares
695 1736 804 1778 haec
829 1735 988 1778 Troius
1010 1750 1130 1778 arma
1152 1741 1340 1791 recusat,

150 1808 173 1829 ’ζ
192 1809 333 1864 quue
356 1808 427 1864 pio
452 1808 574 1850 sedet
597 1807 788 1862 Aeneae,
813 1807 971 1863 probat
994 1812 1150 1849 auctor
1169 1806 1355 1850 Acestes
1375 1821 1387 1862 3

144 1879 172 1900 “
190 1879 446 1934 Aequemus
469 1893 641 1934 pugnas
661 1892 670 1921 z
705 1877 859 1933 Erycis
881 1877 965 1919 tibi
986 1883 1110 1933 terga
1131 1877 1332 1921 remitto-

144 1948 172 1969 “
194 1949 320 1992 Solve
343 1953 524 2004 metus-,
550 1953 595 1990 et
617 1952 671 1990 tu
695 1947 905 2003 Trojanos
929 1961 1039 1990 exue
1062 1949 1249 1992 cestus.''
1495 1949 1585 1992 420

143 2018 264 2062 Haec
289 2019 411 2061 fatus
435 2018 660 2075 duplicem
681 2032 736 2060 cx
757 2018 950 2061 humeris
973 2017 1122 2075 rejecit
1145 2019 1378 2076 amictum,

144 2089 206 2133 Et
227 2103 410 2146 magnos
431 2089 728 2132 membrorum
750 2094 887 2145 artus,
912 2103 1074 2146 magna
1096 2104 1191 2133 ossa
1211 2091 1486 2148 lacertosque

150 2160 299 2216 Exuit,
323 2164 457 2216 atque
480 2159 635 2216 ingens
657 2159 803 2202 media
825 2160 1024 2203 consistit
1047 2175 1190 2205 arena.

145 2231 265 2275 Tum
288 2237 411 2275 satus
433 2231 630 2274 Anchisa
651 2236 798 2274 cestus
822 2236 947 2288 pater
969 2232 1132 2275 extulit
1155 2247 1329 2290 aeqUOS,

146 2303 207 2345 Et
231 2302 409 2359 paribus
432 2302 602 2359 palmas
624 2301 854 2344 amborum
875 2301 1081 2345 innexuit
1104 2304 1248 2348 armis.
1495 2305 1580 2350 425

148 2374 360 2417 Constitit
380 2373 427 2416 in
449 2373 612 2430 digitos
634 2372 858 2428 extemplo
882 2378 1077 2416 arrectus
1099 2380 1298 2431 uterque,

150 2445 422 2501 Brachiaquc
444 2445 502 2487 ad
524 2458 705 2501 superas
727 2443 957 2486 interritus
980 2445 1144 2487 extulit
1167 2461 1308 2489 auras.

147 2516 382 2558 Abduxere
404 2520 516 2559 retro
537 2515 667 2572 longe
690 2515 838 2571 capita
861 2515 1000 2557 ardua
1022 2516 1077 2558 ab
1101 2516 1208 2572 ictu,

147 2586 489 2644 Immiseentque
511 2600 668 2629 manus
691 2586 909 2642 manibus,
935 2601 1218 2643 pugnamque
1240 2588 1479 2645 lacessunt,
