<?xml version="1.0" encoding="UTF-8"?>
<!DOCTYPE html PUBLIC "-//W3C//DTD XHTML 1.0 Transitional//EN"
    "http://www.w3.org/TR/xhtml1/DTD/xhtml1-transitional.dtd">
<html xmlns="http://www.w3.org/1999/xhtml" xml:lang="en" lang="en">
 <head>
  <title>
</title>
<meta http-equiv="Content-Type" content="text/html;charset=utf-8" />
  <meta name='ocr-system' content='tesseract 3.04.00' />
  <meta name='ocr-capabilities' content='ocr_page ocr_carea ocr_par ocr_line ocrx_word'/>
</head>
<body>
  <div class='ocr_page' id='page_1' title='image "aeneidfri00virguoft_0238.png"; bbox 0 0 1757 2916; ppageno 0'>
   <div class='ocr_carea' id='block_1_1' title="bbox 241 143 1174 186">
    <p class='ocr_par' dir='ltr' id='par_1_1' title="bbox 241 143 1174 186">
     <span class='ocr_line' id='line_1_1' title="bbox 241 143 1174 186; baseline -0.003 -1"><span class='ocrx_word' id='word_1_1' title='bbox 241 143 329 186; x_wconf 84' lang='lat'>212</span> <span class='ocrx_word' id='word_1_2' title='bbox 726 152 958 184; x_wconf 76' lang='lat' dir='ltr'>AENEmos</span> <span class='ocrx_word' id='word_1_3' title='bbox 992 153 1077 183; x_wconf 79' lang='lat' dir='ltr'>Lm.</span> <span class='ocrx_word' id='word_1_4' title='bbox 1111 151 1174 183; x_wconf 79' lang='lat' dir='ltr'>ix.</span> 
     </span>
    </p>
   </div>
   <div class='ocr_carea' id='block_1_2' title="bbox 222 258 1676 2658">
    <p class='ocr_par' dir='ltr' id='par_1_2' title="bbox 241 258 1676 388">
     <span class='ocr_line' id='line_1_2' title="bbox 241 258 1676 336; baseline -0.004 -29"><span class='ocrx_word' id='word_1_5' title='bbox 241 262 268 284; x_wconf 83' lang='lat'><em>“</em></span> <span class='ocrx_word' id='word_1_6' title='bbox 283 263 368 319; x_wconf 88' lang='lat' dir='ltr'>En,</span> <span class='ocrx_word' id='word_1_7' title='bbox 389 263 466 320; x_wconf 89' lang='lat' dir='ltr'>qui</span> <span class='ocrx_word' id='word_1_8' title='bbox 489 268 639 306; x_wconf 83' lang='lat' dir='ltr'>nostra</span> <span class='ocrx_word' id='word_1_9' title='bbox 662 262 743 306; x_wconf 88' lang='lat' dir='ltr'>sibi</span> <span class='ocrx_word' id='word_1_10' title='bbox 759 261 876 305; x_wconf 86' lang='lat' dir='ltr'>bello</span> <span class='ocrx_word' id='word_1_11' title='bbox 900 261 1118 304; x_wconf 83' lang='lat' dir='ltr'>connubia</span> <span class='ocrx_word' id='word_1_12' title='bbox 1140 265 1328 317; x_wconf 88' lang='lat' dir='ltr'>poscunt</span> <span class='ocrx_word' id='word_1_13' title='bbox 1346 263 1411 336; x_wconf 50' lang='lat' dir='ltr'>&#39;s</span> <span class='ocrx_word' id='word_1_14' title='bbox 1589 258 1676 302; x_wconf 87' lang='lat'>600</span> 
     </span>
     <span class='ocr_line' id='line_1_3' title="bbox 241 331 1432 388; baseline -0.001 -12"><span class='ocrx_word' id='word_1_15' title='bbox 241 333 395 387; x_wconf 80' lang='lat' dir='ltr'>“Quis</span> <span class='ocrx_word' id='word_1_16' title='bbox 418 335 524 377; x_wconf 86' lang='lat' dir='ltr'>deus</span> <span class='ocrx_word' id='word_1_17' title='bbox 547 334 742 388; x_wconf 82' lang='lat' dir='ltr'>Italiam,</span> <span class='ocrx_word' id='word_1_18' title='bbox 768 347 878 388; x_wconf 84' lang='lat' dir='ltr'>quae</span> <span class='ocrx_word' id='word_1_19' title='bbox 902 347 976 374; x_wconf 83' lang='lat' dir='ltr'>vos</span> <span class='ocrx_word' id='word_1_20' title='bbox 998 332 1223 374; x_wconf 81' lang='lat' dir='ltr'>dementia</span> <span class='ocrx_word' id='word_1_21' title='bbox 1245 331 1432 388; x_wconf 83' lang='lat' dir='ltr'>adegit?</span> 
     </span>
    </p>

    <p class='ocr_par' dir='ltr' id='par_1_3' title="bbox 239 403 1291 459">
     <span class='ocr_line' id='line_1_4' title="bbox 239 403 1291 459; baseline -0.001 -13"><span class='ocrx_word' id='word_1_22' title='bbox 239 404 266 425; x_wconf 75' lang='grc'>“</span> <span class='ocrx_word' id='word_1_23' title='bbox 285 404 386 447; x_wconf 86' lang='lat' dir='ltr'>Non</span> <span class='ocrx_word' id='word_1_24' title='bbox 407 405 477 448; x_wconf 91' lang='lat' dir='ltr'>hic</span> <span class='ocrx_word' id='word_1_25' title='bbox 502 405 702 459; x_wconf 77' lang='lat' dir='ltr'>Atridae,</span> <span class='ocrx_word' id='word_1_26' title='bbox 727 419 806 446; x_wconf 85' lang='lat' dir='ltr'>nec</span> <span class='ocrx_word' id='word_1_27' title='bbox 829 403 952 445; x_wconf 79' lang='lat' dir='ltr'>fandi</span> <span class='ocrx_word' id='word_1_28' title='bbox 974 403 1100 445; x_wconf 85' lang='lat' dir='ltr'>fictor</span> <span class='ocrx_word' id='word_1_29' title='bbox 1123 403 1291 446; x_wconf 79' lang='lat' dir='ltr'>Ulixes.</span> 
     </span>
    </p>

    <p class='ocr_par' dir='ltr' id='par_1_4' title="bbox 239 474 1524 531">
     <span class='ocr_line' id='line_1_5' title="bbox 239 474 1524 531; baseline -0.001 -13"><span class='ocrx_word' id='word_1_30' title='bbox 239 475 265 496; x_wconf 68' lang='lat'>‘⁶</span> <span class='ocrx_word' id='word_1_31' title='bbox 287 477 463 518; x_wconf 85' lang='lat' dir='ltr'>Durum</span> <span class='ocrx_word' id='word_1_32' title='bbox 487 477 542 517; x_wconf 86' lang='lat' dir='ltr'>ab</span> <span class='ocrx_word' id='word_1_33' title='bbox 567 476 704 531; x_wconf 77' lang='lat' dir='ltr'>stirpe</span> <span class='ocrx_word' id='word_1_34' title='bbox 730 489 867 531; x_wconf 83' lang='lat' dir='ltr'>genus</span> <span class='ocrx_word' id='word_1_35' title='bbox 890 479 1017 516; x_wconf 82' lang='lat' dir='ltr'>natos</span> <span class='ocrx_word' id='word_1_36' title='bbox 1041 475 1096 516; x_wconf 81' lang='lat' dir='ltr'>ad</span> <span class='ocrx_word' id='word_1_37' title='bbox 1122 474 1306 517; x_wconf 84' lang='lat' dir='ltr'>flumina</span> <span class='ocrx_word' id='word_1_38' title='bbox 1329 475 1524 531; x_wconf 83' lang='lat' dir='ltr'>primum</span> 
     </span>
    </p>

    <p class='ocr_par' dir='ltr' id='par_1_5' title="bbox 239 545 1402 601">
     <span class='ocr_line' id='line_1_6' title="bbox 239 545 1402 601; baseline -0.001 -12"><span class='ocrx_word' id='word_1_39' title='bbox 239 546 266 567; x_wconf 74' lang='lat'>‘⁴</span> <span class='ocrx_word' id='word_1_40' title='bbox 288 547 555 599; x_wconf 84' lang='lat' dir='ltr'>Deferimus,</span> <span class='ocrx_word' id='word_1_41' title='bbox 581 560 793 601; x_wconf 76' lang='lat' dir='ltr'>saevoque</span> <span class='ocrx_word' id='word_1_42' title='bbox 816 545 916 601; x_wconf 86' lang='lat' dir='ltr'>gelu</span> <span class='ocrx_word' id='word_1_43' title='bbox 943 545 1153 587; x_wconf 81' lang='lat' dir='ltr'>duramus</span> <span class='ocrx_word' id='word_1_44' title='bbox 1176 550 1220 588; x_wconf 91' lang='lat' dir='ltr'>et</span> <span class='ocrx_word' id='word_1_45' title='bbox 1246 547 1402 600; x_wconf 78' lang='lat' dir='ltr'>undis3</span> 
     </span>
    </p>

    <p class='ocr_par' dir='ltr' id='par_1_6' title="bbox 222 615 1674 785">
     <span class='ocr_line' id='line_1_7' title="bbox 222 615 1674 673; baseline 0.001 -14"><span class='ocrx_word' id='word_1_46' title='bbox 222 618 264 648; x_wconf 44' lang='grc' dir='ltr'>Ψ(</span> <span class='ocrx_word' id='word_1_47' title='bbox 285 617 465 659; x_wconf 85' lang='lat' dir='ltr'>Venatu</span> <span class='ocrx_word' id='word_1_48' title='bbox 488 617 721 673; x_wconf 86' lang='lat' dir='ltr'>invigilant</span> <span class='ocrx_word' id='word_1_49' title='bbox 746 615 872 672; x_wconf 86' lang='lat' dir='ltr'>pueri</span> <span class='ocrx_word' id='word_1_50' title='bbox 895 616 1113 671; x_wconf 84' lang='lat' dir='ltr'>silvasque</span> <span class='ocrx_word' id='word_1_51' title='bbox 1134 616 1348 672; x_wconf 79' lang='lat' dir='ltr'>fatigant3</span> <span class='ocrx_word' id='word_1_52' title='bbox 1587 618 1674 662; x_wconf 88' lang='lat'>605</span> 
     </span>
     <span class='ocr_line' id='line_1_8' title="bbox 237 667 1490 785; baseline -0.001 -54"><span class='ocrx_word' id='word_1_53' title='bbox 237 667 484 745; x_wconf 33' lang='lat' dir='ltr'>&amp;Flectere</span> <span class='ocrx_word' id='word_1_54' title='bbox 507 689 640 730; x_wconf 88' lang='lat' dir='ltr'>ludus</span> <span class='ocrx_word' id='word_1_55' title='bbox 663 702 796 743; x_wconf 85' lang='lat' dir='ltr'>equos</span> <span class='ocrx_word' id='word_1_56' title='bbox 818 692 862 729; x_wconf 87' lang='lat' dir='ltr'>et</span> <span class='ocrx_word' id='word_1_57' title='bbox 886 687 1055 743; x_wconf 86' lang='lat' dir='ltr'>spicula</span> <span class='ocrx_word' id='word_1_58' title='bbox 1077 687 1256 729; x_wconf 86' lang='lat' dir='ltr'>tendere</span> <span class='ocrx_word' id='word_1_59' title='bbox 1280 701 1414 730; x_wconf 84' lang='lat' dir='ltr'>cornu</span> <span class='ocrx_word' id='word_1_60' title='bbox 1431 697 1490 785; x_wconf 39' lang='grc' dir='ltr'>;Χ</span> 
     </span>
    </p>

    <p class='ocr_par' dir='ltr' id='par_1_7' title="bbox 237 747 1422 816">
     <span class='ocr_line' id='line_1_9' title="bbox 237 747 1422 816; baseline -0.001 -14"><span class='ocrx_word' id='word_1_61' title='bbox 237 747 348 802; x_wconf 71' lang='lat' dir='ltr'>“&#39;At</span> <span class='ocrx_word' id='word_1_62' title='bbox 372 759 547 816; x_wconf 83' lang='lat' dir='ltr'>patiens</span> <span class='ocrx_word' id='word_1_63' title='bbox 570 773 751 815; x_wconf 81' lang='lat' dir='ltr'>operum</span> <span class='ocrx_word' id='word_1_64' title='bbox 773 772 994 814; x_wconf 82' lang='lat' dir='ltr'>parvoque</span> <span class='ocrx_word' id='word_1_65' title='bbox 1017 762 1194 800; x_wconf 87' lang='lat' dir='ltr'>assueta</span> <span class='ocrx_word' id='word_1_66' title='bbox 1211 757 1422 813; x_wconf 84' lang='lat' dir='ltr'>juventus</span> 
     </span>
    </p>

    <p class='ocr_par' dir='ltr' id='par_1_8' title="bbox 237 818 1537 886">
     <span class='ocr_line' id='line_1_10' title="bbox 237 818 1537 886; baseline 0.002 -14"><span class='ocrx_word' id='word_1_67' title='bbox 237 830 265 852; x_wconf 86' lang='lat'><strong>“</strong></span> <span class='ocrx_word' id='word_1_68' title='bbox 283 830 381 873; x_wconf 91' lang='lat' dir='ltr'>Aut</span> <span class='ocrx_word' id='word_1_69' title='bbox 404 830 553 874; x_wconf 84' lang='lat' dir='ltr'>rastris</span> <span class='ocrx_word' id='word_1_70' title='bbox 576 835 738 873; x_wconf 83' lang='lat' dir='ltr'>terram</span> <span class='ocrx_word' id='word_1_71' title='bbox 760 830 929 885; x_wconf 81' lang='lat' dir='ltr'>domat,</span> <span class='ocrx_word' id='word_1_72' title='bbox 953 834 1032 872; x_wconf 89' lang='lat' dir='ltr'>aut</span> <span class='ocrx_word' id='word_1_73' title='bbox 1055 829 1206 885; x_wconf 84' lang='lat' dir='ltr'>quatit</span> <span class='ocrx_word' id='word_1_74' title='bbox 1227 818 1390 886; x_wconf 82' lang='lat' dir='ltr'>oppida</span> <span class='ocrx_word' id='word_1_75' title='bbox 1413 830 1537 874; x_wconf 84' lang='lat' dir='ltr'>bello.</span> 
     </span>
    </p>

    <p class='ocr_par' dir='ltr' id='par_1_9' title="bbox 236 899 1434 956">
     <span class='ocr_line' id='line_1_11' title="bbox 236 899 1434 956; baseline -0.002 -11"><span class='ocrx_word' id='word_1_76' title='bbox 236 901 266 923; x_wconf 86' lang='lat'><strong>“</strong></span> <span class='ocrx_word' id='word_1_77' title='bbox 287 901 431 945; x_wconf 85' lang='lat' dir='ltr'>Omne</span> <span class='ocrx_word' id='word_1_78' title='bbox 455 916 614 944; x_wconf 87' lang='lat' dir='ltr'>aevum</span> <span class='ocrx_word' id='word_1_79' title='bbox 635 901 745 944; x_wconf 87' lang='lat' dir='ltr'>ferro</span> <span class='ocrx_word' id='word_1_80' title='bbox 768 900 940 956; x_wconf 85' lang='lat' dir='ltr'>teritur,</span> <span class='ocrx_word' id='word_1_81' title='bbox 964 914 1175 956; x_wconf 84' lang='lat' dir='ltr'>versaque</span> <span class='ocrx_word' id='word_1_82' title='bbox 1191 899 1434 956; x_wconf 74' lang='lat' dir='ltr'>juvencum</span> 
     </span>
    </p>

    <p class='ocr_par' dir='ltr' id='par_1_10' title="bbox 237 972 1675 1099">
     <span class='ocr_line' id='line_1_12' title="bbox 237 972 1675 1030; baseline 0 -15"><span class='ocrx_word' id='word_1_83' title='bbox 237 973 264 994; x_wconf 73' lang='lat'>‘⁶</span> <span class='ocrx_word' id='word_1_84' title='bbox 287 972 429 1030; x_wconf 84' lang='lat' dir='ltr'>Terga</span> <span class='ocrx_word' id='word_1_85' title='bbox 452 973 694 1027; x_wconf 81' lang='lat' dir='ltr'>fatigamus</span> <span class='ocrx_word' id='word_1_86' title='bbox 716 973 860 1028; x_wconf 81' lang='lat' dir='ltr'>hasta,</span> <span class='ocrx_word' id='word_1_87' title='bbox 884 986 964 1014; x_wconf 92' lang='lat' dir='ltr'>nec</span> <span class='ocrx_word' id='word_1_88' title='bbox 987 972 1116 1015; x_wconf 84' lang='lat' dir='ltr'>tarda</span> <span class='ocrx_word' id='word_1_89' title='bbox 1139 977 1341 1014; x_wconf 85' lang='lat' dir='ltr'>senectus</span> <span class='ocrx_word' id='word_1_90' title='bbox 1586 973 1675 1016; x_wconf 88' lang='grc'>610</span> 
     </span>
     <span class='ocr_line' id='line_1_13' title="bbox 237 1043 1288 1099; baseline 0.001 -13"><span class='ocrx_word' id='word_1_91' title='bbox 237 1043 266 1065; x_wconf 84' lang='lat'><strong>“</strong></span> <span class='ocrx_word' id='word_1_92' title='bbox 289 1044 511 1086; x_wconf 88' lang='lat' dir='ltr'>Debilitat</span> <span class='ocrx_word' id='word_1_93' title='bbox 532 1044 644 1086; x_wconf 83' lang='lat' dir='ltr'>vires</span> <span class='ocrx_word' id='word_1_94' title='bbox 667 1043 804 1086; x_wconf 85' lang='lat' dir='ltr'>animi</span> <span class='ocrx_word' id='word_1_95' title='bbox 825 1048 1061 1099; x_wconf 82' lang='lat' dir='ltr'>mutatque</span> <span class='ocrx_word' id='word_1_96' title='bbox 1083 1043 1288 1098; x_wconf 82' lang='lat' dir='ltr'>vigorem.</span> 
     </span>
    </p>

    <p class='ocr_par' dir='ltr' id='par_1_11' title="bbox 235 1113 1430 1170">
     <span class='ocr_line' id='line_1_14' title="bbox 235 1113 1430 1170; baseline -0.002 -13"><span class='ocrx_word' id='word_1_97' title='bbox 235 1114 262 1135; x_wconf 71' lang='lat'>‘⁶</span> <span class='ocrx_word' id='word_1_98' title='bbox 282 1114 506 1158; x_wconf 83' lang='lat' dir='ltr'>Canitiem</span> <span class='ocrx_word' id='word_1_99' title='bbox 529 1114 657 1170; x_wconf 81' lang='lat' dir='ltr'>galea</span> <span class='ocrx_word' id='word_1_100' title='bbox 679 1113 933 1170; x_wconf 74' lang='lat' dir='ltr'>premimus,</span> <span class='ocrx_word' id='word_1_101' title='bbox 959 1127 1213 1170; x_wconf 78' lang='lat' dir='ltr'>semperque</span> <span class='ocrx_word' id='word_1_102' title='bbox 1236 1118 1430 1156; x_wconf 76' lang='lat' dir='ltr'>recentes</span> 
     </span>
    </p>

    <p class='ocr_par' dir='ltr' id='par_1_12' title="bbox 238 1184 1317 1241">
     <span class='ocr_line' id='line_1_15' title="bbox 238 1184 1317 1241; baseline -0.001 -13"><span class='ocrx_word' id='word_1_103' title='bbox 238 1184 267 1205; x_wconf 86' lang='lat'><strong>“</strong></span> <span class='ocrx_word' id='word_1_104' title='bbox 287 1185 571 1241; x_wconf 79' lang='lat' dir='ltr'>Compertare</span> <span class='ocrx_word' id='word_1_105' title='bbox 588 1184 717 1241; x_wconf 84' lang='lat' dir='ltr'>juvat</span> <span class='ocrx_word' id='word_1_106' title='bbox 739 1185 922 1241; x_wconf 77' lang='lat' dir='ltr'>praedas</span> <span class='ocrx_word' id='word_1_107' title='bbox 947 1189 991 1226; x_wconf 91' lang='lat' dir='ltr'>et</span> <span class='ocrx_word' id='word_1_108' title='bbox 1014 1184 1154 1226; x_wconf 76' lang='lat' dir='ltr'>vivere</span> <span class='ocrx_word' id='word_1_109' title='bbox 1177 1189 1317 1241; x_wconf 84' lang='lat' dir='ltr'>rapto.</span> 
     </span>
    </p>

    <p class='ocr_par' dir='ltr' id='par_1_13' title="bbox 234 1254 1346 1311">
     <span class='ocr_line' id='line_1_16' title="bbox 234 1254 1346 1311; baseline 0 -13"><span class='ocrx_word' id='word_1_110' title='bbox 234 1254 264 1276; x_wconf 80' lang='lat'><strong>“</strong></span> <span class='ocrx_word' id='word_1_111' title='bbox 285 1255 422 1298; x_wconf 82' lang='lat' dir='ltr'>Vobis</span> <span class='ocrx_word' id='word_1_112' title='bbox 446 1255 566 1311; x_wconf 81' lang='lat' dir='ltr'>picta</span> <span class='ocrx_word' id='word_1_113' title='bbox 588 1270 709 1298; x_wconf 88' lang='lat' dir='ltr'>croco</span> <span class='ocrx_word' id='word_1_114' title='bbox 736 1261 779 1298; x_wconf 87' lang='lat' dir='ltr'>et</span> <span class='ocrx_word' id='word_1_115' title='bbox 801 1255 990 1311; x_wconf 76' lang='lat' dir='ltr'>fulgenti</span> <span class='ocrx_word' id='word_1_116' title='bbox 1011 1255 1175 1297; x_wconf 88' lang='lat' dir='ltr'>murice</span> <span class='ocrx_word' id='word_1_117' title='bbox 1197 1254 1346 1310; x_wconf 84' lang='lat' dir='ltr'>vestis,</span> 
     </span>
    </p>

    <p class='ocr_par' dir='ltr' id='par_1_14' title="bbox 235 1326 1670 1440">
     <span class='ocr_line' id='line_1_17' title="bbox 237 1326 1670 1383; baseline 0.001 -15"><span class='ocrx_word' id='word_1_118' title='bbox 237 1326 265 1346; x_wconf 83' lang='lat'><strong>“</strong></span> <span class='ocrx_word' id='word_1_119' title='bbox 285 1326 490 1369; x_wconf 76' lang='lat' dir='ltr'>Desidiae</span> <span class='ocrx_word' id='word_1_120' title='bbox 514 1326 630 1369; x_wconf 86' lang='lat' dir='ltr'>cordi</span> <span class='ocrx_word' id='word_1_121' title='bbox 647 1340 658 1380; x_wconf 83' lang='lat'>;</span> <span class='ocrx_word' id='word_1_122' title='bbox 685 1326 817 1382; x_wconf 83' lang='lat' dir='ltr'>juvat</span> <span class='ocrx_word' id='word_1_123' title='bbox 839 1326 1064 1383; x_wconf 86' lang='lat' dir='ltr'>indulgere</span> <span class='ocrx_word' id='word_1_124' title='bbox 1087 1326 1264 1382; x_wconf 80' lang='lat' dir='ltr'>choreis,</span> <span class='ocrx_word' id='word_1_125' title='bbox 1584 1328 1670 1371; x_wconf 84' lang='lat'>615</span> 
     </span>
     <span class='ocr_line' id='line_1_18' title="bbox 235 1395 1486 1440; baseline 0.001 -2"><span class='ocrx_word' id='word_1_126' title='bbox 235 1396 263 1417; x_wconf 71' lang='lat'>‘⁴</span> <span class='ocrx_word' id='word_1_127' title='bbox 282 1396 343 1438; x_wconf 87' lang='lat' dir='ltr'>Et</span> <span class='ocrx_word' id='word_1_128' title='bbox 366 1397 542 1439; x_wconf 89' lang='lat' dir='ltr'>tunicae</span> <span class='ocrx_word' id='word_1_129' title='bbox 566 1396 759 1438; x_wconf 83' lang='lat' dir='ltr'>manicas</span> <span class='ocrx_word' id='word_1_130' title='bbox 783 1401 827 1438; x_wconf 90' lang='lat' dir='ltr'>et</span> <span class='ocrx_word' id='word_1_131' title='bbox 849 1395 1016 1438; x_wconf 79' lang='lat' dir='ltr'>habent</span> <span class='ocrx_word' id='word_1_132' title='bbox 1039 1396 1294 1438; x_wconf 86' lang='lat' dir='ltr'>redimicula</span> <span class='ocrx_word' id='word_1_133' title='bbox 1316 1396 1486 1440; x_wconf 83' lang='lat' dir='ltr'>mitrae.</span> 
     </span>
    </p>

    <p class='ocr_par' dir='ltr' id='par_1_15' title="bbox 232 1466 1532 1524">
     <span class='ocr_line' id='line_1_19' title="bbox 232 1466 1532 1524; baseline -0.001 -14"><span class='ocrx_word' id='word_1_134' title='bbox 232 1467 260 1489; x_wconf 86' lang='lat'><strong>“</strong></span> <span class='ocrx_word' id='word_1_135' title='bbox 280 1468 316 1511; x_wconf 88' lang='lat' dir='ltr'>O</span> <span class='ocrx_word' id='word_1_136' title='bbox 340 1483 438 1510; x_wconf 84' lang='lat' dir='ltr'>vere</span> <span class='ocrx_word' id='word_1_137' title='bbox 462 1468 692 1524; x_wconf 79' lang='lat' dir='ltr'>Phrygiae,</span> <span class='ocrx_word' id='word_1_138' title='bbox 716 1481 857 1523; x_wconf 85' lang='lat' dir='ltr'>neque</span> <span class='ocrx_word' id='word_1_139' title='bbox 880 1467 998 1508; x_wconf 84' lang='lat' dir='ltr'>enim</span> <span class='ocrx_word' id='word_1_140' title='bbox 1022 1467 1233 1524; x_wconf 77' lang='lat' dir='ltr'>Phryges,</span> <span class='ocrx_word' id='word_1_141' title='bbox 1257 1466 1320 1509; x_wconf 87' lang='lat' dir='ltr'>ite</span> <span class='ocrx_word' id='word_1_142' title='bbox 1343 1481 1419 1524; x_wconf 86' lang='lat' dir='ltr'>per</span> <span class='ocrx_word' id='word_1_143' title='bbox 1440 1467 1532 1509; x_wconf 83' lang='lat' dir='ltr'>alta</span> 
     </span>
    </p>

    <p class='ocr_par' dir='ltr' id='par_1_16' title="bbox 232 1537 1490 1596">
     <span class='ocr_line' id='line_1_20' title="bbox 232 1537 1490 1596; baseline -0.001 -15"><span class='ocrx_word' id='word_1_144' title='bbox 232 1539 260 1560; x_wconf 70' lang='lat'>‘⁴</span> <span class='ocrx_word' id='word_1_145' title='bbox 281 1539 521 1596; x_wconf 78' lang='lat' dir='ltr'>Dindyma,</span> <span class='ocrx_word' id='word_1_146' title='bbox 546 1539 623 1582; x_wconf 83' lang='lat' dir='ltr'>ubi</span> <span class='ocrx_word' id='word_1_147' title='bbox 646 1538 831 1581; x_wconf 75' lang='lat' dir='ltr'>assuetis</span> <span class='ocrx_word' id='word_1_148' title='bbox 852 1537 1035 1580; x_wconf 83' lang='lat' dir='ltr'>biforem</span> <span class='ocrx_word' id='word_1_149' title='bbox 1057 1538 1136 1581; x_wconf 88' lang='lat' dir='ltr'>dat</span> <span class='ocrx_word' id='word_1_150' title='bbox 1158 1537 1270 1584; x_wconf 81' lang='lat' dir='ltr'>tibia</span> <span class='ocrx_word' id='word_1_151' title='bbox 1291 1543 1490 1591; x_wconf 45' lang='lat' dir='ltr'>cantum*</span> 
     </span>
    </p>

    <p class='ocr_par' dir='ltr' id='par_1_17' title="bbox 232 1609 1480 1667">
     <span class='ocr_line' id='line_1_21' title="bbox 232 1609 1480 1667; baseline -0.001 -14"><span class='ocrx_word' id='word_1_152' title='bbox 232 1610 258 1632; x_wconf 74' lang='lat'>‘⁴</span> <span class='ocrx_word' id='word_1_153' title='bbox 276 1611 510 1667; x_wconf 73' lang='lat' dir='ltr'>Tympana</span> <span class='ocrx_word' id='word_1_154' title='bbox 532 1625 607 1653; x_wconf 89' lang='lat' dir='ltr'>vos</span> <span class='ocrx_word' id='word_1_155' title='bbox 629 1609 860 1666; x_wconf 73' lang='lat' dir='ltr'>buxusque</span> <span class='ocrx_word' id='word_1_156' title='bbox 883 1615 1012 1652; x_wconf 84' lang='lat' dir='ltr'>vocat</span> <span class='ocrx_word' id='word_1_157' title='bbox 1036 1609 1300 1665; x_wconf 81' lang='lat' dir='ltr'>Berecyntia</span> <span class='ocrx_word' id='word_1_158' title='bbox 1322 1609 1480 1652; x_wconf 84' lang='lat' dir='ltr'>Matris</span> 
     </span>
    </p>

    <p class='ocr_par' dir='ltr' id='par_1_18' title="bbox 229 1679 1669 1808">
     <span class='ocr_line' id='line_1_22' title="bbox 231 1679 1669 1735; baseline -0.001 -12"><span class='ocrx_word' id='word_1_159' title='bbox 231 1680 259 1701; x_wconf 79' lang='lat'><em>“</em></span> <span class='ocrx_word' id='word_1_160' title='bbox 278 1681 461 1725; x_wconf 80' lang='lat' dir='ltr'>Idaeae:</span> <span class='ocrx_word' id='word_1_161' title='bbox 498 1682 628 1724; x_wconf 88' lang='lat' dir='ltr'>sinite</span> <span class='ocrx_word' id='word_1_162' title='bbox 650 1695 773 1724; x_wconf 87' lang='lat' dir='ltr'>arma</span> <span class='ocrx_word' id='word_1_163' title='bbox 793 1679 909 1735; x_wconf 87' lang='lat' dir='ltr'>viris,</span> <span class='ocrx_word' id='word_1_164' title='bbox 935 1685 979 1722; x_wconf 89' lang='lat' dir='ltr'>et</span> <span class='ocrx_word' id='word_1_165' title='bbox 1002 1680 1144 1723; x_wconf 86' lang='lat' dir='ltr'>cedite</span> <span class='ocrx_word' id='word_1_166' title='bbox 1165 1680 1276 1722; x_wconf 87' lang='lat' dir='ltr'>ferro</span> <span class='ocrx_word' id='word_1_167' title='bbox 1297 1683 1305 1724; x_wconf 73' lang='grc' dir='ltr'><strong>Ξ</strong></span> <span class='ocrx_word' id='word_1_168' title='bbox 1324 1681 1348 1698; x_wconf 83' lang='lat'><em>”</em></span> <span class='ocrx_word' id='word_1_169' title='bbox 1581 1680 1669 1723; x_wconf 80' lang='lat'>620</span> 
     </span>
     <span class='ocr_line' id='line_1_23' title="bbox 229 1751 1218 1808; baseline -0.001 -14"><span class='ocrx_word' id='word_1_170' title='bbox 229 1751 358 1794; x_wconf 81' lang='lat' dir='ltr'>Talia</span> <span class='ocrx_word' id='word_1_171' title='bbox 375 1752 621 1808; x_wconf 85' lang='lat' dir='ltr'>jactantem</span> <span class='ocrx_word' id='word_1_172' title='bbox 643 1751 773 1795; x_wconf 76' lang='lat' dir='ltr'>dictis</span> <span class='ocrx_word' id='word_1_173' title='bbox 796 1765 845 1794; x_wconf 88' lang='lat' dir='ltr'>ac</span> <span class='ocrx_word' id='word_1_174' title='bbox 869 1751 963 1794; x_wconf 87' lang='lat' dir='ltr'>dira</span> <span class='ocrx_word' id='word_1_175' title='bbox 985 1756 1218 1794; x_wconf 74' lang='lat' dir='ltr'>canentem</span> 
     </span>
    </p>

    <p class='ocr_par' dir='ltr' id='par_1_19' title="bbox 229 1823 1364 1879">
     <span class='ocr_line' id='line_1_24' title="bbox 229 1823 1364 1879; baseline 0 -14"><span class='ocrx_word' id='word_1_176' title='bbox 229 1823 330 1866; x_wconf 91' lang='lat' dir='ltr'>Non</span> <span class='ocrx_word' id='word_1_177' title='bbox 353 1824 460 1867; x_wconf 88' lang='lat' dir='ltr'>tulit</span> <span class='ocrx_word' id='word_1_178' title='bbox 483 1824 713 1879; x_wconf 72' lang='lat' dir='ltr'>Asc-anius,</span> <span class='ocrx_word' id='word_1_179' title='bbox 738 1837 955 1879; x_wconf 82' lang='lat' dir='ltr'>nervoque</span> <span class='ocrx_word' id='word_1_180' title='bbox 978 1823 1182 1866; x_wconf 83' lang='lat' dir='ltr'>obversus</span> <span class='ocrx_word' id='word_1_181' title='bbox 1204 1823 1364 1879; x_wconf 83' lang='lat' dir='ltr'>equino</span> 
     </span>
    </p>

    <p class='ocr_par' dir='ltr' id='par_1_20' title="bbox 231 1893 1312 1949">
     <span class='ocr_line' id='line_1_25' title="bbox 231 1893 1312 1949; baseline -0.001 -12"><span class='ocrx_word' id='word_1_182' title='bbox 231 1894 472 1937; x_wconf 74' lang='lat' dir='ltr'>Contendit</span> <span class='ocrx_word' id='word_1_183' title='bbox 494 1895 649 1949; x_wconf 85' lang='lat' dir='ltr'>telum,</span> <span class='ocrx_word' id='word_1_184' title='bbox 674 1895 928 1949; x_wconf 79' lang='lat' dir='ltr'>diversaque</span> <span class='ocrx_word' id='word_1_185' title='bbox 950 1893 1127 1935; x_wconf 86' lang='lat' dir='ltr'>brachia</span> <span class='ocrx_word' id='word_1_186' title='bbox 1149 1894 1312 1936; x_wconf 88' lang='lat' dir='ltr'>ducens</span> 
     </span>
    </p>

    <p class='ocr_par' dir='ltr' id='par_1_21' title="bbox 229 1964 1462 2021">
     <span class='ocr_line' id='line_1_26' title="bbox 229 1964 1462 2021; baseline -0.001 -13"><span class='ocrx_word' id='word_1_187' title='bbox 229 1965 461 2021; x_wconf 74' lang='lat' dir='ltr'>Constitit,</span> <span class='ocrx_word' id='word_1_188' title='bbox 487 1970 590 2007; x_wconf 85' lang='lat' dir='ltr'>ante</span> <span class='ocrx_word' id='word_1_189' title='bbox 612 1964 643 2007; x_wconf 76' lang='lat' dir='ltr'>,J</span> <span class='ocrx_word' id='word_1_190' title='bbox 647 1979 772 2006; x_wconf 84' lang='lat' dir='ltr'>ovem</span> <span class='ocrx_word' id='word_1_191' title='bbox 796 1964 982 2020; x_wconf 81' lang='lat' dir='ltr'>supplex</span> <span class='ocrx_word' id='word_1_192' title='bbox 1003 1978 1081 2020; x_wconf 80' lang='lat' dir='ltr'>per</span> <span class='ocrx_word' id='word_1_193' title='bbox 1102 1969 1205 2006; x_wconf 77' lang='lat' dir='ltr'>vota</span> <span class='ocrx_word' id='word_1_194' title='bbox 1228 1969 1434 2020; x_wconf 80' lang='lat' dir='ltr'>precatus</span> <span class='ocrx_word' id='word_1_195' title='bbox 1453 1977 1462 2007; x_wconf 91' lang='lat'>:</span> 
     </span>
    </p>

    <p class='ocr_par' dir='ltr' id='par_1_22' title="bbox 229 2033 1660 2162">
     <span class='ocr_line' id='line_1_27' title="bbox 230 2033 1660 2092; baseline 0 -14"><span class='ocrx_word' id='word_1_196' title='bbox 230 2035 258 2056; x_wconf 68' lang='lat'>‘⁶</span> <span class='ocrx_word' id='word_1_197' title='bbox 277 2036 457 2092; x_wconf 77' lang='lat' dir='ltr'>Jupiter</span> <span class='ocrx_word' id='word_1_198' title='bbox 478 2034 768 2090; x_wconf 88' lang='lat' dir='ltr'>omnipotens,</span> <span class='ocrx_word' id='word_1_199' title='bbox 793 2034 1032 2076; x_wconf 84' lang='lat' dir='ltr'>audacibus</span> <span class='ocrx_word' id='word_1_200' title='bbox 1054 2048 1198 2076; x_wconf 84' lang='lat' dir='ltr'>annuc</span> <span class='ocrx_word' id='word_1_201' title='bbox 1221 2033 1386 2090; x_wconf 88' lang='lat' dir='ltr'>coeptis</span> <span class='ocrx_word' id='word_1_202' title='bbox 1407 2049 1416 2078; x_wconf 90' lang='lat'><strong>:</strong></span> <span class='ocrx_word' id='word_1_203' title='bbox 1574 2035 1660 2078; x_wconf 83' lang='lat'>625</span> 
     </span>
     <span class='ocr_line' id='line_1_28' title="bbox 229 2104 1398 2162; baseline -0.002 -14"><span class='ocrx_word' id='word_1_204' title='bbox 229 2105 257 2126; x_wconf 70' lang='lat'>‘⁶</span> <span class='ocrx_word' id='word_1_205' title='bbox 274 2106 376 2162; x_wconf 82' lang='lat' dir='ltr'>Ipse</span> <span class='ocrx_word' id='word_1_206' title='bbox 401 2106 482 2148; x_wconf 86' lang='lat' dir='ltr'>tibi</span> <span class='ocrx_word' id='word_1_207' title='bbox 505 2106 560 2147; x_wconf 87' lang='lat' dir='ltr'>ad</span> <span class='ocrx_word' id='word_1_208' title='bbox 583 2110 663 2147; x_wconf 88' lang='lat' dir='ltr'>tua</span> <span class='ocrx_word' id='word_1_209' title='bbox 686 2105 852 2161; x_wconf 85' lang='lat' dir='ltr'>templa</span> <span class='ocrx_word' id='word_1_210' title='bbox 873 2104 1010 2146; x_wconf 83' lang='lat' dir='ltr'>seram</span> <span class='ocrx_word' id='word_1_211' title='bbox 1035 2104 1245 2147; x_wconf 87' lang='lat' dir='ltr'>solemnia</span> <span class='ocrx_word' id='word_1_212' title='bbox 1269 2105 1398 2160; x_wconf 84' lang='lat' dir='ltr'>dona,</span> 
     </span>
    </p>

    <p class='ocr_par' dir='ltr' id='par_1_23' title="bbox 229 2175 1407 2231">
     <span class='ocr_line' id='line_1_29' title="bbox 229 2175 1407 2231; baseline -0.003 -12"><span class='ocrx_word' id='word_1_213' title='bbox 229 2176 256 2197; x_wconf 87' lang='lat'><strong>“</strong></span> <span class='ocrx_word' id='word_1_214' title='bbox 273 2177 334 2218; x_wconf 84' lang='lat' dir='ltr'>Et</span> <span class='ocrx_word' id='word_1_215' title='bbox 358 2181 555 2219; x_wconf 80' lang='lat' dir='ltr'>statuam</span> <span class='ocrx_word' id='word_1_216' title='bbox 578 2180 680 2217; x_wconf 87' lang='lat' dir='ltr'>aute</span> <span class='ocrx_word' id='word_1_217' title='bbox 703 2189 799 2217; x_wconf 86' lang='lat' dir='ltr'>aras</span> <span class='ocrx_word' id='word_1_218' title='bbox 820 2180 976 2218; x_wconf 83' lang='lat' dir='ltr'>aurata</span> <span class='ocrx_word' id='word_1_219' title='bbox 997 2175 1135 2217; x_wconf 84' lang='lat' dir='ltr'>fronte</span> <span class='ocrx_word' id='word_1_220' title='bbox 1152 2175 1407 2231; x_wconf 84' lang='lat' dir='ltr'>juvencum,</span> 
     </span>
    </p>

    <p class='ocr_par' dir='ltr' id='par_1_24' title="bbox 227 2245 1539 2302">
     <span class='ocr_line' id='line_1_30' title="bbox 227 2245 1539 2302; baseline -0.002 -12"><span class='ocrx_word' id='word_1_221' title='bbox 227 2246 256 2267; x_wconf 84' lang='lat'><strong>“</strong></span> <span class='ocrx_word' id='word_1_222' title='bbox 277 2247 567 2302; x_wconf 79' lang='lat' dir='ltr'>Gaudentem,</span> <span class='ocrx_word' id='word_1_223' title='bbox 591 2245 840 2302; x_wconf 74' lang='lat' dir='ltr'>pariterque</span> <span class='ocrx_word' id='word_1_224' title='bbox 863 2251 999 2302; x_wconf 85' lang='lat' dir='ltr'>caput</span> <span class='ocrx_word' id='word_1_225' title='bbox 1023 2260 1126 2288; x_wconf 87' lang='lat' dir='ltr'>cum</span> <span class='ocrx_word' id='word_1_226' title='bbox 1149 2251 1288 2288; x_wconf 82' lang='lat' dir='ltr'>matre</span> <span class='ocrx_word' id='word_1_227' title='bbox 1313 2245 1539 2301; x_wconf 81' lang='lat' dir='ltr'>ferentem,</span> 
     </span>
    </p>

    <p class='ocr_par' dir='ltr' id='par_1_25' title="bbox 227 2316 1661 2502">
     <span class='ocr_line' id='line_1_31' title="bbox 227 2316 1498 2373; baseline -0.001 -13"><span class='ocrx_word' id='word_1_228' title='bbox 227 2318 253 2338; x_wconf 86' lang='lat'><strong>“</strong></span> <span class='ocrx_word' id='word_1_229' title='bbox 270 2318 300 2360; x_wconf 73' lang='lat' dir='ltr'>J</span> <span class='ocrx_word' id='word_1_230' title='bbox 306 2332 377 2359; x_wconf 83' lang='lat' dir='ltr'>am</span> <span class='ocrx_word' id='word_1_231' title='bbox 402 2331 533 2359; x_wconf 88' lang='lat' dir='ltr'>cornu</span> <span class='ocrx_word' id='word_1_232' title='bbox 556 2321 680 2373; x_wconf 86' lang='lat' dir='ltr'>petat</span> <span class='ocrx_word' id='word_1_233' title='bbox 704 2323 749 2357; x_wconf 85' lang='lat' dir='ltr'>et</span> <span class='ocrx_word' id='word_1_234' title='bbox 772 2316 958 2372; x_wconf 85' lang='lat' dir='ltr'>pedibus</span> <span class='ocrx_word' id='word_1_235' title='bbox 981 2316 1055 2372; x_wconf 84' lang='lat' dir='ltr'>qui</span> <span class='ocrx_word' id='word_1_236' title='bbox 1079 2322 1256 2373; x_wconf 75' lang='lat' dir='ltr'>spargat</span> <span class='ocrx_word' id='word_1_237' title='bbox 1279 2317 1498 2361; x_wconf 85' lang='lat' dir='ltr'>arcna1n.&#39;’</span> 
     </span>
     <span class='ocr_line' id='line_1_32' title="bbox 230 2387 1661 2444; baseline -0.001 -13"><span class='ocrx_word' id='word_1_238' title='bbox 230 2389 384 2431; x_wconf 80' lang='lat' dir='ltr'>Audiit</span> <span class='ocrx_word' id='word_1_239' title='bbox 408 2394 452 2431; x_wconf 87' lang='lat' dir='ltr'>et</span> <span class='ocrx_word' id='word_1_240' title='bbox 475 2387 580 2431; x_wconf 80' lang='lat' dir='ltr'>coeli</span> <span class='ocrx_word' id='word_1_241' title='bbox 604 2388 774 2444; x_wconf 75' lang='lat' dir='ltr'>genitor</span> <span class='ocrx_word' id='word_1_242' title='bbox 795 2388 848 2429; x_wconf 81' lang='lat' dir='ltr'>(le</span> <span class='ocrx_word' id='word_1_243' title='bbox 872 2393 998 2443; x_wconf 87' lang='lat' dir='ltr'>parte</span> <span class='ocrx_word' id='word_1_244' title='bbox 1022 2402 1173 2430; x_wconf 85' lang='lat' dir='ltr'>serena</span> <span class='ocrx_word' id='word_1_245' title='bbox 1573 2387 1661 2431; x_wconf 81' lang='lat'>630</span> 
     </span>
     <span class='ocr_line' id='line_1_33' title="bbox 228 2458 1250 2502; baseline -0.001 0"><span class='ocrx_word' id='word_1_246' title='bbox 228 2459 431 2502; x_wconf 78' lang='lat' dir='ltr'>Intonuit</span> <span class='ocrx_word' id='word_1_247' title='bbox 452 2459 652 2501; x_wconf 83' lang='lat' dir='ltr'>laevum:</span> <span class='ocrx_word' id='word_1_248' title='bbox 688 2462 812 2500; x_wconf 82' lang='lat' dir='ltr'>sonat</span> <span class='ocrx_word' id='word_1_249' title='bbox 836 2472 924 2500; x_wconf 78' lang='lat' dir='ltr'>uua</span> <span class='ocrx_word' id='word_1_250' title='bbox 947 2458 1092 2500; x_wconf 78' lang='lat' dir='ltr'>fatifer</span> <span class='ocrx_word' id='word_1_251' title='bbox 1113 2472 1250 2501; x_wconf 87' lang='lat' dir='ltr'>arcus.</span> 
     </span>
    </p>

    <p class='ocr_par' dir='ltr' id='par_1_26' title="bbox 228 2528 1314 2587">
     <span class='ocr_line' id='line_1_34' title="bbox 228 2528 1314 2587; baseline -0.001 -15"><span class='ocrx_word' id='word_1_252' title='bbox 228 2530 401 2587; x_wconf 82' lang='lat' dir='ltr'>Effugit</span> <span class='ocrx_word' id='word_1_253' title='bbox 425 2529 686 2572; x_wconf 85' lang='lat' dir='ltr'>horrendum</span> <span class='ocrx_word' id='word_1_254' title='bbox 709 2528 896 2571; x_wconf 78' lang='lat' dir='ltr'>stridens</span> <span class='ocrx_word' id='word_1_255' title='bbox 919 2529 1111 2571; x_wconf 83' lang='lat' dir='ltr'>adducta</span> <span class='ocrx_word' id='word_1_256' title='bbox 1135 2528 1314 2585; x_wconf 86' lang='lat' dir='ltr'>sagitta,</span> 
     </span>
    </p>

    <p class='ocr_par' dir='ltr' id='par_1_27' title="bbox 231 2599 1447 2658">
     <span class='ocr_line' id='line_1_35' title="bbox 231 2599 1447 2658; baseline -0.001 -14"><span class='ocrx_word' id='word_1_257' title='bbox 231 2602 400 2657; x_wconf 84' lang='lat' dir='ltr'>Perque</span> <span class='ocrx_word' id='word_1_258' title='bbox 423 2605 558 2658; x_wconf 87' lang='lat' dir='ltr'>caput</span> <span class='ocrx_word' id='word_1_259' title='bbox 581 2599 759 2642; x_wconf 85' lang='lat' dir='ltr'>Remuli</span> <span class='ocrx_word' id='word_1_260' title='bbox 781 2599 901 2642; x_wconf 87' lang='lat' dir='ltr'>venit</span> <span class='ocrx_word' id='word_1_261' title='bbox 924 2604 969 2642; x_wconf 90' lang='lat' dir='ltr'>et</span> <span class='ocrx_word' id='word_1_262' title='bbox 991 2614 1098 2643; x_wconf 82' lang='lat' dir='ltr'>cava</span> <span class='ocrx_word' id='word_1_263' title='bbox 1118 2605 1316 2657; x_wconf 83' lang='lat' dir='ltr'>tempora</span> <span class='ocrx_word' id='word_1_264' title='bbox 1336 2600 1447 2644; x_wconf 85' lang='lat' dir='ltr'>ferro</span> 
     </span>
    </p>
   </div>
   <div class='ocr_carea' id='block_1_3' title="bbox 1004 2660 1083 2674">
    <p class='ocr_par' dir='ltr' id='par_1_28' title="bbox 1004 2660 1083 2674">
     <span class='ocr_line' id='line_1_36' title="bbox 1004 2660 1083 2674; baseline -0.013 0"><span class='ocrx_word' id='word_1_265' title='bbox 1004 2660 1083 2674; x_wconf 62' lang='lat' dir='ltr'>..a-‘²</span> 
     </span>
    </p>
   </div>
  </div>
 </body>
</html>
