1731 2923
565 164 793 195 AENEIDos
824 165 911 197 LIB.
951 166 1010 197 VI.
1427 155 1516 203 137

86 270 113 292 ’ζ
133 271 323 314 Gnosius
344 271 451 313 haec
474 271 844 316 Rhadamanthus
865 273 1012 329 habet,
1037 274 1270 318 durissima
1293 290 1439 333 regna,

84 340 110 362 ‘⁶
132 341 417 398 Castigatque
441 343 653 398 auditque
676 343 810 398 dolos,
836 344 1086 400 subigitque
1108 345 1250 401 fateri,

83 411 109 432 ‘⁶
128 412 250 464 Quae
274 411 371 467 quis
393 413 513 468 apud
536 427 725 468 super-OS,
748 413 866 456 furto
888 414 1081 457 lactatus
1104 415 1238 470 inani,

81 481 108 502 “
125 482 312 524 Distulit
334 482 380 524 in
403 497 541 525 seram
563 484 792 526 commissa
815 485 988 540 piacula
1011 491 1206 530 mortem.

66 540 108 571 Ἦ
128 551 346 600 Continuo
370 558 516 595 sontes
538 553 678 595 ultrix
701 555 900 597 accincta
924 556 1095 612 flagello
1421 556 1508 602 570

80 621 106 642 ‘⁶
127 622 363 679 Tisiphone
386 624 532 679 quatit
554 624 789 680 insultans,
815 631 1045 682 torvosque
1069 627 1246 669 sinistra

78 693 104 712 ‘⁶
123 693 359 736 Intentans
381 709 562 750 angues,
587 701 713 737 vocat
736 696 912 750 agmina
935 712 1062 739 saeva
1086 713 1289 741 sororum.

77 764 104 784 ‘⁶
125 764 242 806 Tum
263 766 440 807 demum
462 765 680 808 horrisono
704 766 939 809 stridentes
959 760 1136 810 'cardine
1160 783 1304 810 sacrae

75 835 103 855 ‘⁶
123 835 387 878 Panduntur
409 842 572 893 portae,
640 837 802 892 Cernis,
827 839 1025 880 custodia
1046 839 1188 894 qualis

75 905 104 926 ‘⁶
122 905 354 949 Vestibulo
377 907 539 962 sedeat,
562 907 695 950 facies
717 922 828 963 quae
849 908 1003 950 limina
1025 915 1164 952 servet
1184 911 1205 953 Ρ
1413 913 1499 955 575

75 975 103 996 ‘⁶
122 976 452 1033 Quinquaginta
474 977 580 1020 atris
601 977 807 1037 immanis
829 978 1024 1020 hiatibus
1047 979 1200 1034 Hydra

73 1045 102 1066 “
122 1046 296 1089 Saevior
316 1046 436 1090 intus
458 1047 592 1089 habet
616 1047 788 1101 sedem;
823 1052 923 1089 tum
948 1048 1161 1092 Tartarus
1184 1050 1276 1106 ipse

73 1115 100 1136 ‘⁴
120 1116 197 1159 Bis
220 1122 346 1173 patet
369 1117 415 1159 in
436 1132 645 1174 praeceps
668 1123 847 1160 tantum
869 1119 1098 1175 tenditque
1122 1120 1202 1162 sub
1226 1121 1416 1177 umbras,

72 1187 100 1208 “
120 1187 321 1242 Quantus
342 1190 398 1232 ad
420 1189 665 1231 aetherium
687 1190 793 1232 coeh‘
815 1196 1043 1246 suspectus
1068 1190 1316 1248 Olympum.

71 1257 99 1279 ‘⁶
117 1258 205 1302 Hic
229 1274 365 1316 genus
388 1260 626 1316 antiquum
651 1261 822 1317 Terrae,
849 1261 1029 1303 Titania
1051 1263 1204 1318 pubes,
1411 1264 1499 1307 580

71 1328 99 1350 “
118 1329 325 1373 Fulmine
347 1330 505 1387 dejecti
525 1331 660 1374 fundo
682 1332 920 1374 volvuntur
941 1332 985 1374 in
1008 1332 1105 1376 imo.

70 1399 97 1420 ‘⁴
117 1400 202 1444 Hic
225 1406 269 1444 et
291 1400 471 1444 Aloidas
494 1402 702 1459 geminos,
727 1402 940 1445 immania
963 1404 1054 1446 vidi

70 1470 98 1491 “
117 1471 318 1528 Corpora,
344 1472 420 1528 qui
441 1473 644 1515 manibus
666 1488 877 1530 magnum
901 1475 1140 1517 rescindere
1163 1476 1333 1518 coelum

69 1540 97 1561 “
116 1540 335 1597 Aggressi,
362 1543 614 1598 superisque
637 1543 668 1585 J
672 1557 795 1585 ovem
818 1544 1045 1585 detrudere
1069 1545 1221 1600 regnis.

69 1610 96 1632 “
115 1611 222 1654 Vidi
244 1617 288 1653 et
312 1613 506 1655 crudeles
528 1613 707 1655 dantem
732 1613 964 1656 Salmonea
986 1628 1160 1670 poenas,
1406 1617 1493 1660 585

68 1681 94 1701 “
116 1681 238 1723 Dum
260 1681 460 1725 flammas
483 1682 514 1724 J
518 1683 607 1725 ovis
630 1688 674 1725 et
698 1683 866 1726 sonitus
888 1683 1092 1726 imitatur
1116 1684 1318 1741 Olympi-
1339 1699 1348 1729 ε

68 1751 96 1771 “
116 1751 313 1805 Quatuor
333 1753 404 1795 hic
425 1754 624 1796 invectus
647 1754 769 1810 equis
792 1755 1068 1815 etnlampada
1091 1769 1300 1810 quassans

67 1822 94 1843 ‘⁶
114 1823 199 1865 Per
221 1823 405 1866 Graium
427 1824 608 1880 populos
630 1824 886 1880 mediaeque
909 1838 986 1880 per
1007 1825 1147 1868 Elidis
1169 1826 1319 1868 urbem

68 1893 96 1914 “
115 1893 217 1936 Ibat
241 1909 387 1950 ovans,
411 1895 651 1951 divumque
675 1895 757 1937 sibi
778 1896 988 1952 poscebat
1010 1896 1230 1952 honorem,

66 1963 93 1984 ‘⁴
114 1963 319 2020 Demens,
345 1965 421 2020 qui
442 1964 613 2008 nimbos
635 1970 678 2008 et
702 1980 788 2008 non
809 1965 1021 2008 imitabile
1043 1965 1210 2008 fulmen
1404 1969 1492 2012 590

66 2025 94 2054 ⁴³
112 2034 225 2077 Aere
249 2040 294 2077 et
316 2035 601 2091 cornipedum
621 2036 754 2092 pulsu
776 2036 999 2078 simularet
1023 2051 1244 2092 equorum.

66 2106 93 2126 ‘⁴
112 2106 177 2148 At
198 2111 324 2162 pater
344 2107 619 2162 omnipotens
642 2108 776 2149 densa
798 2107 912 2149 inter
933 2108 1085 2150 nubila
1107 2109 1248 2151 telum

67 2176 95 2196 “
114 2175 348 2231 Contorsit,
371 2190 458 2218 non
479 2176 551 2218 ille
573 2177 686 2219 faces
709 2192 786 2219 nec
807 2177 956 2220 fumea
977 2179 1119 2221 taedis

67 2246 93 2267 ‘⁴
111 2245 315 2301 Lumina,
339 2246 710 2302 praecipitemque
732 2246 916 2289 immani
937 2248 1112 2289 turbine
1135 2249 1318 2303 adegit.-

66 2316 93 2338 “
112 2316 206 2358 Nec
228 2331 315 2359 non
335 2321 380 2358 et
405 2316 580 2372 Tityon,
606 2316 764 2358 Terrae
787 2317 1099 2373 omniparentis
1121 2319 1364 2374 alumnum,
1402 2321 1488 2364 595

66 2386 94 2408 “
114 2387 296 2431 Cernere
319 2392 423 2442 erat,
448 2401 526 2443 per
547 2392 641 2429 tota
663 2401 819 2429 novem
841 2387 911 2429 cui
928 2387 1082 2444 jugera
1105 2403 1259 2444 corpus

67 2458 92 2478 ‘⁶
112 2457 368 2514 Pori-igitur,
393 2463 613 2513 rostroque
622 2457 837 2499 'immanis
860 2458 1009 2500 vultur
1031 2459 1198 2501 obunco

67 2528 93 2549 “
112 2528 363 2571 Immortale
380 2529 502 2584 jecur
524 2528 708 2570 tondens
729 2528 1002 2585 fecundaque
1024 2530 1173 2585 poenis

66 2598 92 2620 “
111 2598 288 2647 Viscera
310 2599 576 2655 rimaturque
599 2598 752 2655 epulis,
775 2598 1035 2655 habitatque
1058 2600 1138 2642 sub
1160 2600 1251 2643 alto
