1731 2923
479 591 532 636 P.
575 591 837 635 VIRGILII
880 589 1139 635 MARONIS

371 729 1248 794 AENEIDOS

570 893 763 936 LIBER
797 891 1054 935 PRIMUS.

94 1150 234 1193 Arma
255 1148 486 1205 virumque
509 1163 632 1204 cano,
658 1147 813 1204 Trojae
836 1147 915 1204 qui
936 1147 1105 1204 primus
1127 1145 1182 1189 ab
1206 1146 1291 1190 oris

94 1221 278 1264 Italiam
300 1219 394 1263 fato
416 1219 627 1276 profugus
650 1218 908 1275 Lavinaque
930 1218 1052 1261 venit

98 1292 264 1348 Litora,
287 1290 484 1333 multum
504 1290 577 1332 ifle
599 1295 644 1333 et
668 1289 794 1333 terris
810 1289 1008 1346 jactatus
1031 1295 1076 1332 et
1098 1289 1190 1332 alto

95 1362 156 1405 Vi
178 1365 387 1419 superum
409 1375 562 1404 saevae
583 1375 821 1403 memorem
843 1359 1036 1403 sunonis
1059 1360 1113 1403 ob
1135 1360 1260 1415 iram,

98 1433 248 1477 Multa
271 1447 444 1489 quoque
466 1437 512 1475 et
533 1432 647 1475 bello
669 1446 837 1489 passus,
862 1432 971 1474 dum
992 1432 1198 1474 conderet
1219 1431 1373 1474 urbem

97 1505 374 1561 Inferretque
397 1503 499 1546 deos
521 1502 652 1545 Latio
673 1517 683 1547 ε
718 1517 856 1559 genus
878 1503 996 1545 unde
1019 1501 1235 1544 Latinum

97 1575 347 1632 Albanique
369 1579 517 1631 patres
540 1579 676 1630 atque
699 1574 817 1616 altae
839 1573 1012 1615 moenia
1034 1573 1213 1616 Romae.

188 1648 334 1703 Musa,
357 1647 469 1689 mihi
489 1661 644 1689 causas
665 1660 872 1702 memora,
897 1659 984 1702 quo
1006 1644 1184 1688 numine
1206 1645 1338 1702 laeso,

100 1720 270 1774 Quidve
292 1718 443 1761 dolens
464 1718 615 1775 regina
636 1718 770 1760 deum
793 1722 861 1760 tot
883 1717 1052 1759 volvere
1075 1731 1201 1759 casus

99 1791 327 1848 Insignem
348 1789 517 1846 pietate
539 1788 697 1844 virum,
722 1793 790 1831 tot
812 1787 932 1830 adire
952 1787 1120 1830 labores

99 1859 343 1919 Impulerit.
410 1859 637 1902 Tantaene
659 1858 817 1901 animis
839 1857 1098 1901 coelestibus
1120 1857 1209 1900 irae
1231 1859 1252 1901 ‚9

192 1932 312 1976 Urbs
334 1930 520 1987 antiqua
540 1928 777 1986 fuit-Tyrii
798 1934 978 1972 tenuere
1001 1928 1175 1984 coloni-‚

103 2003 339 2059 Carthago,
363 2001 547 2044 Italiam
570 2005 721 2044 contra
743 1999 1038 2056 Tiberinaque
1059 2000 1187 2056 longe

105 2074 247 2129 Ostia,
271 2072 392 2115 dives
414 2068 548 2129 opum
571 2071 818 2127 studiisque
841 2071 1082 2128 asperrima
1103 2070 1222 2127 belli,

104 2147 246 2200 Quam
268 2144 301 2200 J
304 2159 391 2187 uno
412 2143 551 2186 fertur
571 2142 696 2185 terris
718 2142 858 2201 magis
879 2142 1082 2185 omnibus
1104 2156 1239 2193 unam

41 2242 45 2245 -
104 2211 374 2259 Posthabita'
389 2213 569 2256 coluisse
593 2212 754 2256 Samo:
787 2212 858 2255 hic
879 2212 998 2255 iuius
1019 2226 1154 2267 arma,

105 2287 192 2329 Hic
214 2300 368 2329 currus
388 2283 476 2326 fuit
496 2297 508 2338 ;
540 2283 622 2325 hoc
645 2297 827 2340 regnum
849 2283 930 2325 dea
951 2282 1157 2339 gentibus
1179 2296 1283 2337 esse,

108 2357 156 2401 Si
178 2371 265 2413 qua
285 2355 381 2398 fata
403 2353 565 2408 sinant,
584 2352 679 2409 jam
701 2357 803 2394 tum
823 2351 1058 2408 tenditque
1079 2350 1298 2406 fovetque.
1364 2391 1368 2395 .

106 2426 366 2484 Progeniem
389 2425 462 2467 sed
486 2423 604 2466 enim
626 2421 816 2479 Trojano
838 2436 864 2464 a
886 2421 1098 2478 sanguine
1119 2420 1222 2463 duci

108 2497 342 2552 Audierat,
368 2495 520 2552 Tyrias
543 2494 649 2537 olim
670 2507 781 2550 quae
803 2497 994 2535 verteret
1016 2506 1134 2535 arces
1153 2505 1165 2546 3

109 2568 226 2611 Hinc
248 2567 462 2624 populum
485 2566 574 2609 late
597 2579 741 2621 regem
762 2564 962 2620 belloque
985 2563 1222 2620 superbum

1483 1787 1537 1829 10

1485 2142 1540 2184 15

1485 2492 1543 2533 20
