1757 2916
175 122 263 166 238
678 131 910 162 AENmDos
942 131 1029 163 LIB.
1065 130 1107 161 x.

175 242 315 299 Misit,
339 256 473 300 agens
493 241 687 285 hiemem
707 241 860 284 nimbo
883 239 1108 282 succincta
1130 253 1206 295 per
1227 252 1370 294 auras,

176 315 447 371 Iliacamque
470 314 608 357 aciem
630 318 674 356 et
698 312 942 356 Laurentia
964 316 1106 354 castra
1127 311 1298 368 petivit.

177 386 295 428 Tum
319 387 400 429 (lca
421 386 537 428 nube
560 399 668 427 cava
690 389 873 426 tenuem
896 382 988 424 sine
1010 381 1174 425 viribus
1196 383 1401 426 umbram

177 458 231 500 In
252 457 411 500 faciem
434 455 751 498 Aeneae-visu
773 453 971 496 mirabile
994 460 1264 496 monstrum-

178 528 413 571 Dardaniis
437 532 560 569 ornat
585 526 697 580 telis,
723 524 1002 581 clipeumque
1019 524 1237 580 jubasque

179 599 331 641 Divini
354 586 585 641 assiniulat
609 596 781 652 capitis,
805 597 884 638 dat
907 595 1056 638 inania
1079 596 1223 650 verba,

179 671 270 713 Dat
294 671 384 713 sine
408 675 557 712 mente
581 683 752 724 sonum,
777 682 1034 724 gressusque
1057 667 1230 722 effingit
1252 667 1424 712 euntis:

179 742 323 784 Morte
349 741 471 784 obita
494 740 646 797 quales
663 740 784 782 fama
807 744 873 782 est
895 739 1079 781 volitare
1102 739 1277 796 figuras,

180 813 277 855 Aut
302 827 414 869 quae
438 813 599 870 sopitos
621 812 838 855 deludunt
863 811 1031 854 somnia
1053 825 1216 854 sensus.

182 886 247 928 At
269 885 433 941 primas
453 884 574 927 laeta
595 888 701 926 ante
723 883 837 926 acies
859 882 1092 926 exsultat
1079 897 1241 940 imago,

177 955 418 1011 Irritatque
439 954 585 997 virum
606 953 706 997 telis
729 959 774 996 et
796 968 900 997 voce
921 953 1110 996 lacessit.

177 1026 326 1068 Instat
349 1026 420 1068 cui
443 1024 634 1080 Turnus,
661 1024 1009 1080 stridentemque
1032 1023 1201 1066 eminus
1223 1023 1401 1066 hastam

180 1097 398 1153 Conjicit3
431 1096 508 1139 illa
530 1097 634 1139 dato
655 1096 792 1138 vertit
813 1095 1001 1151 vestigia
1023 1100 1158 1151 tergo.

180 1168 299 1210 Tum
321 1182 421 1210 vero
443 1166 631 1209 Aenean
652 1181 856 1209 aversum
880 1171 932 1208 ut
956 1166 1105 1208 cedere
1130 1165 1310 1207 Turnus

180 1239 391 1294 Credidit,
410 1244 545 1294 atque
567 1238 713 1280 animo
737 1252 859 1293 spem
883 1236 1085 1279 turbidus
1107 1235 1256 1279 hausit
1279 1235 1483 1281 inanem:

179 1309 207 1330 ‘⁶
227 1310 322 1363 Quo
346 1309 474 1366 fugis,
500 1309 652 1351 Aenea
673 1309 693 1351 Ρ
732 1308 970 1350 Thalamos
993 1322 1047 1349 ne
1071 1308 1217 1350 desere
1241 1310 1421 1363 pactos!

181 1381 206 1402 ‘⁴
230 1381 325 1423 Hac
350 1381 528 1423 dabitur
551 1380 707 1422 dextra
731 1380 866 1421 tellus
890 1378 1088 1434 quaesita
1111 1394 1186 1435 per
1209 1379 1392 1422 undas.”

125 1457 129 1462 '
180 1453 307 1494 Talia
329 1452 568 1494 vociferans
592 1450 804 1507 sequitur,
830 1450 1122 1506 strictumque
1147 1455 1344 1493 coruscat

180 1523 450 1577 Mucmnem,
475 1536 554 1564 nec
576 1522 683 1564 ferre
704 1521 826 1564 videt
850 1536 928 1564 sua
950 1522 1112 1578 gaudia
1134 1527 1299 1566 ventos.

178 1594 310 1636 Forte
334 1594 439 1636 ratis
462 1593 566 1637 celsi
588 1593 824 1650 conjuncta
846 1593 1067 1649 crepidine
1090 1593 1186 1636 saxi

178 1666 404 1723 Expositis
427 1666 575 1709 stabat
599 1665 725 1709 scalis
748 1671 792 1708 et
815 1671 948 1722 ponte
971 1670 1141 1721 parato,

179 1737 277 1790 Qua
301 1752 376 1779 rex
400 1737 592 1780 Clusinis
614 1737 825 1779 advectus
851 1735 1029 1780 Osinius
1051 1737 1161 1781 oris:

179 1809 279 1851 Huc
304 1823 394 1852 sese
418 1809 592 1865 trepida
617 1808 790 1851 Aeneae
811 1807 1024 1863 fugientis
1048 1808 1194 1865 imago

181 1880 370 1936 Conjicit
392 1880 438 1922 in
459 1880 650 1922 latebras
670 1893 680 1934 ;
716 1893 795 1921 nec
819 1879 997 1921 Turnus
1020 1880 1191 1936 segnior
1211 1879 1367 1936 instat,

179 1951 518 2007 Exsuperatque
540 1964 683 1992 moras
706 1955 749 1991 ct
771 1955 928 2005 pontes
950 1950 1142 1992 transilit
1164 1951 1290 1993 altos.

180 2022 271 2064 Vix
295 2036 467 2079 proram
489 2021 701 2078 attigerat
721 2034 731 2065 ε
768 2020 936 2076 rumpit
961 2021 1171 2065 Saturnia
1191 2022 1359 2077 funem,

181 2093 484 2148 Avulsamque
507 2092 625 2148 rapit
647 2092 843 2135 revoluta
865 2107 942 2149 per
963 2107 1148 2149 aequora
1171 2107 1341 2136 navem.

182 2164 300 2206 Tum
321 2164 428 2206 levis
450 2164 569 2206 haud
591 2163 710 2205 ultra
732 2163 924 2206 latebras
941 2163 1034 2220 jam
1057 2165 1230 2221 quaerit
1252 2165 1411 2223 imago,

183 2235 268 2278 Sed
291 2234 478 2277 sublime
502 2235 652 2277 volans
674 2234 782 2277 nubi
805 2249 848 2276 se
871 2235 1115 2278 immiscuit
1137 2241 1270 2280 atrae.

182 2306 316 2348 Illum
339 2311 491 2348 autem
513 2305 686 2348 Aeneas
708 2306 935 2348 absentem
957 2306 1004 2349 in
1027 2307 1191 2363 proelia
1213 2307 1353 2364 poscit
1370 2322 1381 2362 ;

181 2376 319 2420 Obvia
343 2377 487 2419 multa
508 2377 652 2419 virum
673 2376 872 2419 demittit
896 2392 1072 2434 corpora
1094 2379 1250 2422 morti:

182 2448 330 2501 Quum
355 2447 556 2489 Turnum
574 2447 715 2490 medio
738 2447 904 2489 interca
926 2448 1010 2490 fert
1033 2464 1217 2504 aequore
1241 2450 1379 2493 turbo.

183 2519 379 2576 Respicit
403 2520 579 2576 ignarus
603 2533 748 2562 rerum
769 2519 1056 2576 ingratusque
1080 2521 1249 2576 salutis,

183 2590 241 2633 Et
265 2591 462 2646 duplices
484 2605 585 2634 cum
609 2604 710 2633 voco
732 2605 889 2633 manus
912 2592 967 2634 ad
992 2591 1131 2634 sidera
1153 2592 1297 2635 tendit.
1317 2605 1327 2637 ε

1525 311 1613 363 635

1528 668 1614 711 640

1525 1022 1614 1068 645

1529 1378 1617 1422 650

1528 1737 1615 1782 655

1527 2095 1616 2139 660

1526 2450 1612 2494 665
