1757 2916
581 620 634 663 P.
676 618 938 662 VIRGILII
980 617 1239 662 MARONIS

471 755 1349 822 AENEIDOS

635 920 829 964 LIBER
863 917 1181 974 QUARTUS.

194 1169 258 1214 At
281 1168 429 1225 regina
450 1167 571 1224 gravi
587 1166 683 1223 jam
705 1166 876 1209 dudum
902 1164 1051 1208 saucia
1073 1179 1178 1207 cura

193 1239 370 1282 Vulnus
392 1238 472 1281 alit
495 1237 631 1294 venis,
655 1241 699 1279 et
722 1250 847 1279 caeco
869 1235 1067 1292 carpitur
1087 1235 1192 1292 igni.

194 1309 342 1352 Multa
365 1309 445 1350 viri
466 1308 610 1350 virtus
632 1307 791 1362 animo,
815 1306 1073 1362 multusque
1096 1311 1288 1349 recursat

195 1380 353 1423 Gentis
374 1380 510 1421 honos
527 1393 538 1433 3
572 1379 752 1420 haerent
774 1378 900 1420 infixi
922 1382 1095 1433 pectore
1117 1378 1269 1420 vultus

194 1450 443 1505 Verbaque,
468 1464 546 1492 nec
570 1448 792 1506 placidam
814 1448 1022 1491 membris
1044 1449 1122 1491 dat
1144 1463 1247 1491 cura
1270 1449 1477 1505 quietem.
1605 1451 1632 1494 5

195 1522 376 1564 Postera
400 1521 603 1563 Phoebea
623 1520 843 1562 lustrabat
864 1519 1069 1575 lampade
1092 1524 1231 1563 terras

194 1592 558 1647 Humentemque
580 1591 752 1634 Aurora
774 1591 874 1647 polo
896 1590 1139 1633 dimoverat
1160 1591 1377 1647 umbram,

195 1662 345 1716 Quum
369 1662 428 1705 sic
451 1662 710 1704 unanimam
733 1661 972 1717 alloquitur
992 1662 1107 1703 male
1131 1676 1235 1704 sana
1258 1675 1473 1706 sororem:

197 1732 225 1754 ‘⁶
243 1734 380 1777 Anna
401 1748 528 1789 soror,
553 1747 667 1788 quae
689 1746 760 1774 me
782 1746 1038 1788 suspensam
1059 1731 1278 1774 insomnia
1301 1737 1466 1774 terrent
1486 1733 1507 1775 ?

197 1803 224 1825 ‘⁴
244 1805 352 1857 Quis
374 1819 511 1846 novus
534 1804 602 1846 hic
626 1802 785 1846 nostris
807 1802 1015 1845 successit
1038 1802 1212 1845 sedibus
1233 1802 1389 1858 hospes
1405 1804 1427 1846 Ρ
1576 1803 1633 1844 10
1711 1819 1733 1833 ⁴

197 1873 225 1895 ‘⁶
244 1874 387 1926 Quem
409 1887 499 1916 sese
522 1886 593 1915 ore
615 1873 758 1915 ferens
780 1876 788 1916 !
825 1886 960 1926 quam
981 1871 1083 1913 forti
1104 1877 1279 1927 pectore
1302 1877 1346 1913 et
1368 1872 1499 1915 armis
1520 1876 1529 1916 ἓ

198 1942 227 1965 “
244 1943 385 1987 Credo
407 1943 624 1999 equidem,
649 1957 729 1985 nec
751 1956 865 1984 vana
886 1942 1008 1997 fides,
1032 1956 1171 1998 genus
1193 1956 1283 1984 esse
1305 1942 1510 1986 deorum:

197 2014 225 2036 ‘⁶
245 2015 493 2072 Degeneres
515 2014 682 2056 animos
704 2013 837 2055 timor
857 2012 1014 2068 arguit.
1082 2012 1202 2067 Heu,
1227 2013 1387 2068 quibus
1409 2013 1482 2072 ille

198 2085 227 2107 “
245 2085 456 2128 <Iactatus
477 2084 581 2127 fatis
601 2088 609 2128 Ξ
646 2098 757 2139 quac
780 2083 894 2126 bella
917 2083 1133 2126 exhausta
1156 2084 1342 2126 canebat
1364 2088 1372 2128 !

198 2155 293 2200 “-Si
314 2155 425 2197 mihi
446 2169 533 2197 non
556 2154 701 2196 animo
723 2154 864 2196 fixum
885 2153 1209 2209 immotumque
1233 2155 1414 2210 sederet,
1573 2157 1629 2199 15

201 2227 229 2248 “
248 2226 318 2270 Ne
341 2225 413 2269 cui
433 2240 504 2268 me
528 2225 667 2267 vinclo
689 2225 845 2266 vellem
870 2224 1031 2267 sociare
1049 2224 1206 2280 jugali,

198 2297 225 2318 “
245 2298 493 2352 Postquam
516 2295 683 2351 primus
706 2309 827 2336 amor
848 2295 1080 2350 deceptam
1102 2300 1240 2337 morte
1262 2295 1418 2338 fefellit
1436 2309 1447 2350 Ξ

199 2369 226 2390 “
247 2369 294 2413 Si
316 2383 403 2411 non
426 2373 676 2425 pertaesum
700 2366 887 2409 thalami
909 2367 1152 2422 taedaeque
1176 2367 1345 2421 fuisset,
1704 2385 1715 2401 ο

199 2439 226 2461 “
246 2440 364 2483 Huic
386 2439 465 2482 uni
485 2438 630 2481 forsan
652 2436 775 2493 potui
800 2437 1081 2479 succumbere
1105 2437 1270 2493 culpae.

201 2511 229 2533 “
249 2510 579 2554 Anna-fatebor
600 2509 754 2563 enim-,
779 2508 925 2550 miseri
948 2514 1045 2565 post
1067 2507 1162 2550 fata
1188 2507 1369 2564 Sychaei
1575 2508 1634 2550 20

199 2582 227 2604 “
245 2582 455 2639 Conjugis
476 2586 521 2624 et
545 2594 714 2638 sparsos
736 2579 930 2622 fraterna
953 2579 1084 2622 caede
1109 2578 1315 2632 Penates,
