1741 2902
644 99 871 129 Assunmos
905 100 991 129 LIB.
1028 100 1088 129 XI.
1502 90 1589 134 253

167 209 206 252 [t
229 210 345 252 coelo
367 208 615 264 clamorque
639 207 782 249 virum
803 208 1064 264 clangorque
1087 207 1307 250 tubarum.

162 280 277 322 Hinc
300 280 375 322 alii
398 278 534 336 spolia
557 278 709 322 occisis
732 279 914 335 derepta
935 277 1109 320 Latinis

162 350 414 407 Conjiciunt
436 349 544 406 igni,
568 350 713 406 galeas
736 364 943 405 ensesque
967 350 1155 402 decoros,

161 422 390 476 Frenaque
413 420 720 476 ferventesque
743 425 884 475 rotas3
919 435 1019 477 pars
1042 435 1226 462 munera
1248 425 1366 475 nota,
1504 422 1589 465 195

160 492 363 547 Ipsorum
386 491 543 547 clipeos
566 496 610 534 ct
628 507 715 534 non
737 491 880 534 felicia
902 492 1001 534 tela.

161 563 308 605 Multa
329 564 462 605 boum
485 563 600 606 circa
623 568 875 606 mactantur
896 578 1073 619 corpora
1097 561 1245 617 Morti,

162 633 461 689 Setigerosque
486 648 582 675 sues
605 639 837 690 raptasque
863 648 916 675 ex
938 633 1141 675 omnibus
1164 633 1278 689 agris

160 704 214 745 In
236 704 460 745 flammam
478 703 687 760 jugulant
710 705 914 760 pecudes.
981 703 1098 745 Tum
1119 704 1243 745 litore
1266 708 1360 745 toto

160 773 378 817 Ardentes
401 781 603 830 spectant
627 775 775 829 socios,
795 775 1092 829 semiustaque
1115 779 1289 816 servant
1501 774 1590 815 200

162 844 316 900 Busta,
341 860 482 900 neque
506 846 636 887 avelli
660 851 856 900 possunt,
880 860 967 886 nox
988 845 1172 886 humida
1194 845 1329 886 donec

160 915 349 958 Invertit
372 916 542 958 coelum
565 916 703 958 stellis
725 915 979 957 ardentibus
1002 921 1171 971 aptum.

160 985 252 1027 Nec
276 986 421 1028 minus
443 991 489 1027 et
512 985 846 1051 miserigliversa
866 985 911 1026 in
934 991 1058 1041 parte
1080 985 1231 1027 Latini

160 1056 419 1098 Innumeras
442 1061 640 1098 struxere
664 1069 821 1112 pyras:
857 1060 900 1097 et
925 1070 1101 1112 corpora
1123 1055 1290 1111 partim

160 1127 309 1169 Multa
330 1127 474 1168 virsim
497 1132 635 1168 terrae
658 1126 892 1180 infodiunt,
917 1133 1155 1181 avectaque
1177 1125 1340 1181 partim
1502 1124 1589 1167 205

159 1197 394 1240 Finitimos
416 1198 580 1240 tollunt
604 1197 650 1239 in
672 1211 795 1253 agros
817 1197 1000 1252 urbique
1023 1197 1256 1238 remittunt
1277 1210 1288 1249 ;

162 1269 331 1325 Cetera,
357 1269 645 1325 confusaeque
666 1269 892 1326 ingentem
915 1268 1059 1311 caedis
1082 1282 1300 1323 acervum,

159 1340 252 1382 Nec
275 1354 455 1382 numero
477 1355 555 1382 neo
578 1340 736 1382 honore
760 1345 978 1382 cremant:
1014 1344 1122 1382 tunc
1145 1339 1340 1394 undique
1363 1337 1478 1380 vasti

162 1411 377 1454 Certatim
399 1411 556 1454 crebris
580 1411 796 1453 collucent
819 1410 993 1467 ignibus
1015 1410 1117 1467 agri.

162 1481 312 1523 Tertia
334 1482 414 1524 lux
436 1482 628 1538 gelidam
651 1482 767 1524 coelo
790 1481 1033 1523 dimoverat
1056 1481 1287 1522 umbram:
1502 1479 1590 1520 210

163 1551 412 1594 Maerentes
434 1552 578 1594 altum
602 1552 791 1594 cinerem
812 1556 857 1593 et
879 1551 1058 1593 confusa
1081 1551 1270 1593 mebant

161 1622 273 1666 Ossa
295 1622 415 1677 focis,
439 1622 673 1678 tepidoque
695 1621 933 1664 onerabant
956 1635 1110 1677 aggere
1134 1626 1286 1663 terrae.

159 1694 190 1736 J
194 1708 266 1735 am
287 1708 385 1735 vero
407 1693 454 1734 in
476 1693 617 1748 tectis,
644 1692 896 1748 praedivitis
919 1692 1025 1734 urbe
1047 1691 1213 1745 Latini,

162 1764 431 1820 Praecipuus
451 1764 592 1820 fragor
614 1769 658 1806 et
680 1763 799 1819 longi
821 1778 920 1819 pars
942 1763 1136 1805 maxima
1156 1763 1315 1804 luctus

161 1835 245 1877 Hic
268 1840 432 1877 matres
455 1835 724 1890 miseraeque
745 1849 894 1888 nurus,
914 1833 985 1876 hic
1008 1848 1107 1876 cara
1129 1846 1320 1875 sororum
1501 1832 1589 1875 215

161 1907 346 1949 Pectora
367 1912 645 1949 maerentum
668 1906 877 1963 puerique
899 1905 1156 1962 parentibus
1177 1903 1270 1947 orbi

162 1977 323 2019 Dirum
345 1983 628 2020 exsecrantur
647 1977 815 2019 bellum
840 1976 1067 2032 Turnique
1089 1976 1350 2031 hymenaeos
1366 1988 1377 2028 3
1405 1975 1409 1977 ’

162 2048 316 2103 Ipsum
339 2048 470 2090 armis
493 2048 726 2104 ipsumque
743 2046 901 2103 jubent
922 2047 1150 2089 decernere
1171 2046 1293 2101 ferro,

163 2119 248 2172 Qui
270 2134 453 2175 regnum
475 2119 632 2161 Italiae
655 2124 699 2161 et
722 2119 885 2175 primos
908 2118 990 2160 sibi
1011 2122 1162 2174 poscat
1184 2117 1378 2159 honores.

163 2190 371 2245 Ingravat
393 2189 500 2231 haec
525 2203 677 2231 saevus
701 2188 906 2242 Drances,
932 2188 1158 2242 solumque
1180 2185 1322 2228 vocari

164 2261 386 2314 Testatur,
413 2260 553 2302 solum
575 2260 693 2316 posci
714 2259 761 2301 in
783 2258 1025 2301 certamina
1051 2258 1265 2299 Turnum.

164 2331 309 2372 Multa
332 2330 465 2373 simul
486 2335 636 2372 contra
658 2329 786 2371 variis
808 2327 1029 2371 sententia
1051 2327 1182 2369 dictis

165 2403 250 2445 Pro
275 2402 437 2458 Turno,
463 2407 506 2444 et
528 2415 743 2458 magnum
765 2400 937 2456 reginae
960 2413 1116 2441 nomen
1139 2397 1371 2440 obumbrat
1390 2411 1399 2452 3

165 2473 311 2515 Multa
333 2473 475 2514 virum
497 2471 664 2514 meritis
689 2474 912 2513 sustentat
932 2469 1053 2511 fama
1075 2468 1276 2524 tropaeis,

257 2543 352 2586 Hos
372 2543 487 2586 inter
509 2547 668 2597 motus,
693 2541 836 2584 medio
858 2541 904 2583 in
926 2539 1143 2596 flagrante
1166 2539 1381 2594 tumultu,
1505 2539 1593 2583 225

1503 2185 1541 2225 ις)

1533 2142 1591 2225 ¹3³2-
