1731 2923
638 142 868 172 AENEIDOS
900 143 986 174 LIB.
1022 143 1083 174 VI.

158 251 359 294 Eventus
381 249 528 293 animo
550 264 708 294 seeum.
778 249 863 294 Oui
884 250 998 294 fidus
1021 250 1220 294 Achates

158 323 204 364 It
227 336 368 364 comes
390 326 435 364 et
458 321 635 377 paribus
658 321 770 364 curis
794 322 977 378 vestigia
999 322 1108 378 figit.

159 393 306 435 Multa
329 393 445 434 inter
466 407 556 435 sese
579 392 696 435 vario
720 407 912 435 sermone
935 394 1151 449 serebant,

1502 135 1589 179 125

1506 396 1592 439 160

160 463 301 516 Quem
325 463 489 505 socium
512 463 767 505 exanimum
789 470 931 518 vates,
957 465 1074 520 quod
1097 480 1251 521 eorpus
1273 466 1549 508 humandum

160 533 347 577 Diceret.
412 534 564 589 Atque
586 534 652 576 illi
676 534 897 576 Misenum
919 535 964 577 in
982 535 1110 578 litore
1134 535 1259 591 01000,

160 604 226 646 Ut
248 619 416 660 venere,
441 605 591 647 vident
613 605 793 661 indigna
816 611 955 648 morte
978 611 1239 662 peremtum,

158 674 380 719 Misenum
403 675 630 730 Aeoliden,
655 690 739 731 quo
761 690 848 718 non
869 677 1162 732 praestantior
1183 678 1293 720 alter

159 745 273 787 Aere
297 745 407 788 ciere
430 746 552 801 viros,
579 746 856 803 Martemque
879 748 1110 790 accendere
1134 753 1280 791 cantu.

162 815 365 858 Hectoris
387 816 457 858 hic
480 817 632 873 magni
651 817 798 859 fuerat
820 832 964 860 comes
985 832 996 872 3
1032 812 1227 861 Hectora
1249 819 1411 861 circum

159 886 221 928 Et
242 886 353 928 lituo
375 901 548 943 pugnas
569 886 751 943 insignis
773 887 921 930 obibat
945 894 989 930 et
1011 889 1152 933 hasta.

159 956 402 1012 Postquam
424 957 552 999 illum
575 957 667 999 vita
688 957 827 1000 victor
849 959 1053 1014 spoliavit
1078 959 1272 1003 Achilles
1288 975 1300 1015 ;

162 1025 386 1070 Dardanio
409 1027 585 1070 Aeneae
608 1042 699 1070 sese
720 1028 983 1072 fortissimus
1005 1030 1127 1073 heros

159 1098 405 1141 Addiderat
428 1099 607 1153 socium,
631 1115 720 1143 non
741 1100 943 1143 inferiora
965 1108 1153 1146 secutus.

161 1170 248 1214 Sed
270 1175 383 1226 tum,
406 1170 518 1213 forte
541 1186 647 1213 cava
670 1172 777 1214 dum
800 1179 1004 1228 personat
1029 1188 1219 1229 aequora
1241 1174 1419 1230 coneha,

160 1240 365 1296 Demens7
389 1246 433 1284 et
457 1248 593 1284 cantu
614 1248 741 1285 vocat
764 1243 810 1285 in
832 1244 1072 1287 certamina
1093 1245 1230 1301 divos,

159 1310 374 1354 Aemulus
398 1317 635 1368 exceptum
659 1313 877 1357 Triton-si
899 1316 1069 1357 eredere
1093 1316 1280 1372 dignum
1303 1322 1392 1359 est-

160 1382 284 1424 Inter
305 1397 410 1425 saxa
431 1383 573 1426 virum
596 1399 802 1440 spumosa
824 1385 1096 1429 immerserat
1119 1388 1250 1431 unda.

160 1452 274 1509 Ergo
296 1468 443 1496 omnes
467 1469 626 1510 magno
648 1455 812 1497 circum
835 1457 1020 1498 clamore
1042 1457 1306 1513 fremebant,

161 1521 400 1579 Prae-cipue
423 1524 524 1580 pius
547 1523 745 1579 Aeneas3
781 1530 878 1567 tum
895 1526 1020 1582 jussa
1045 1528 1250 1583 Sibyllae-

162 1593 299 1637 Haud
321 1595 679 1638 mora-festinant
702 1596 872 1652 flentes,
897 1612 1104 1654 aramque
1128 1598 1317 1654 sepulcri

162 1664 401 1721 Congerere
424 1666 648 1709 arboribus
671 1667 874 1723 coeloque
897 1668 1080 1710 educere
1104 1674 1288 1713 certant.

161 1735 261 1777 Itur
283 1736 329 1778 in
351 1736 583 1793 antiquam
605 1736 775 1792 silvam,
800 1738 975 1780 stabula
997 1739 1088 1781 alta
1109 1739 1326 1783 ferarum:

162 1807 469 1850 Procumbunt
490 1808 653 1864 piceae,
679 1813 806 1850 sonat
829 1808 919 1851 icta
942 1809 1163 1852 securibus
1186 1810 1287 1865 ilex,

151 1867 493 1936 *Fraxineaeque
517 1878 664 1920 trabes
686 1878 836 1921 cuneis
859 1883 904 1921 et
926 1879 1057 1921 fissile
1080 1880 1212 1922 robur

163 1949 400 2005 Scinditur,
424 1950 665 1992 advolvunt
687 1950 885 2006 ingentes
907 1951 1131 1994 montibus
1153 1966 1289 1995 ornos.

161 2020 254 2063 Nec
278 2035 365 2063 non
389 2020 561 2064 Aeneas
585 2035 715 2076 opera
737 2021 851 2064 inter
874 2022 981 2064 talia
1003 2022 1173 2078 primus

161 2091 381 2134 Hortatur
404 2092 551 2148 socios,
575 2092 839 2149 paribusque
862 2093 1111 2150 accingitur
1132 2094 1280 2151 armis,

163 2162 312 2218 Atque
334 2163 441 2205 haec
462 2162 554 2218 ipse
577 2177 654 2206 suo
676 2163 793 2206 tristi
814 2178 916 2206 cum
939 2164 1065 2206 corde
1086 2165 1276 2220 volutat,

163 2234 440 2289 Adspeetans
464 2234 621 2276 silvam
641 2234 916 2289 immensam,
943 2239 987 2275 et
1010 2235 1068 2277 sie
1090 2235 1201 2277 forte
1223 2238 1438 2290 precatur.

164 2303 190 2324 ‘⁶
209 2303 253 2347 Si
280 2318 394 2346 nunc
418 2318 460 2346 se
482 2303 606 2347 nobis
628 2304 701 2346 ille
724 2318 878 2346 aureus
901 2304 1047 2346 arbore
1072 2319 1217 2347 ramus

164 2373 193 2394 ‘⁴
215 2374 434 2417 Ostendat
456 2389 628 2417 nemore
649 2375 696 2417 in
718 2379 846 2417 tanto
867 2389 876 2419 ε
913 2376 1088 2431 quando
1111 2375 1257 2418 omnia
1280 2389 1375 2416 vere

164 2445 190 2465 ‘⁴
210 2445 312 2487 Heu
334 2445 521 2488 nimium
544 2446 596 2488 de
618 2450 663 2488 te
686 2451 821 2500 vates,
846 2445 1028 2501 Misene⁷
1052 2446 1199 2488 locuta
1223 2447 1329 2489 est.''

163 2515 257 2557 Vix
283 2529 332 2557 ea
354 2515 474 2558 fatus
498 2520 603 2572 erat,
627 2516 825 2573 geminae
848 2530 986 2572 quum
1008 2516 1119 2558 sorte
1142 2516 1366 2559 columbae

164 2586 268 2643 Ipsa
290 2586 370 2629 sub
391 2601 464 2630 ora
486 2587 566 2630 viri
588 2588 704 2631 coelo
727 2601 878 2630 venere
899 2587 1110 2642 volantes,

1499 749 1586 792 165

1507 1102 1592 1146 170

1504 1456 1591 1502 175

1504 1811 1592 1853 180

1505 2164 1590 2207 185

1506 2515 1591 2559 190
