1757 2916
152 111 209 153 82
637 123 865 153 AsNEinos
898 123 984 154 Lm.
1019 123 1081 154 1v.

154 229 322 273 “Ante
343 230 498 288 fugam
521 231 706 287 suboles,
731 231 766 274 si
789 231 886 287 quis
908 230 1017 273 mihi
1040 230 1248 287 parvulus
1271 229 1376 272 aula

154 300 181 323 “
196 301 390 345 Luderct
413 303 600 358 Aeneas,
625 303 702 359 qui
723 308 768 346 te
791 308 942 346 tamen
963 317 1034 346 ore
1058 302 1262 356 refe1·ret;

153 372 180 394 ‘¹
197 372 242 415 N
245 388 300 416 on
322 373 525 430 equidem
547 375 728 417 omnino
750 378 881 431 capta
903 387 953 415 ac
975 372 1150 416 deserta
1169 371 1389 418 vide1·cr.''
1501 373 1588 414 330

152 444 336 488 Dixerat
355 459 366 500 3
401 445 474 488 ille
496 444 528 488 J
531 445 621 488 ovis
643 445 823 487 monitis
844 444 1032 486 immota
1055 444 1237 486 tenebat

151 516 357 571 Lumina,
382 522 427 558 et
450 515 636 558 obnixus
659 529 811 557 curam
833 514 915 556 sub
938 514 1065 557 corde
1088 515 1330 571 premebat.

151 587 353 630 Tandem
375 601 518 643 pauca
539 586 695 630 refert:
734 585 761 605 ‘⁴
780 584 876 641 Ego
899 589 957 640 tc,
984 598 1096 640 quae
1119 584 1310 640 plurima
1333 584 1469 626 fando
1516 575 1520 578 ⁸

153 657 181 679 ¹‘
199 657 469 700 Enumerare
490 656 622 711 vales,
647 669 908 710 numquam,
932 654 1097 710 regina,
1122 654 1290 710 negabo

154 728 179 748 ¹‘
199 727 504 782 Promeritam,
531 740 609 769 nec
632 740 703 768 me
725 725 975 768 meminisse
998 724 1167 782 pigebit
1189 724 1374 780 Elissae,
1502 724 1588 767 335

154 798 182 819 “
208 799 331 841 Dum
352 812 517 840 memor
538 797 632 855 ipse
655 796 757 853 mei,
783 797 891 839 dum
914 796 1094 853 spiritus
1115 795 1193 839 hos
1216 796 1327 852 regit
1350 800 1485 839 artus.

154 869 179 890 ‘⁶
200 870 285 912 Pro
307 883 351 911 re
373 883 517 926 pauca
537 869 702 925 loquar.
758 868 914 923 Neque
937 882 1014 923 ego
1032 867 1146 910 hanc
1170 866 1432 910 abscondere
1452 865 1571 908 furto

154 939 180 961 ‘⁶
202 939 460 997 Speravi-ne
482 938 788 996 finge-fugam,
813 952 893 980 nec
917 937 1114 995 conjugis
1135 951 1353 994 umquam

153 1011 178 1032 ¹‘
198 1011 435 1054 Praetendi
456 1011 623 1067 taedas,
648 1015 728 1053 aut
750 1010 856 1052 haec
879 1010 927 1052 in
947 1010 1121 1053 foedera
1142 1009 1253 1052 veni.

151 1081 180 1103 ‘⁶
200 1083 273 1125 Me
297 1082 333 1126 si
353 1081 450 1125 fata
471 1082 580 1126 meis
602 1087 862 1139 paterentur
882 1082 1038 1125 ducere
1060 1081 1202 1123 vitam
1498 1077 1588 1121 340

151 1153 178 1174 ‘⁴
193 1153 418 1211 Auspiciis
442 1159 488 1196 et
511 1158 666 1210 sponte
689 1168 788 1196 mea
811 1167 1065 1210 componere
1088 1166 1243 1206 curas3

151 1223 178 1246 “
197 1224 367 1268 Urbem
391 1224 625 1282 Trojanam
646 1224 840 1282 primum
861 1225 1096 1280 dulcesque
1119 1236 1317 1265 meorum

151 1295 180 1316 ‘⁶
199 1296 426 1353 Reliquias
449 1296 647 1352 colerem,
673 1295 842 1338 Priami
864 1301 984 1338 tecta
1005 1295 1097 1337 alta
1118 1298 1363 1348 manerent,

151 1366 179 1387 ‘⁶
197 1367 258 1409 Et
281 1367 471 1410 recidiva
491 1381 628 1409 manu
650 1366 892 1423 posuissem
914 1366 1130 1423 Pergama
1151 1365 1291 1408 victis.

151 1437 178 1459 ‘⁶
199 1438 285 1482 Sed
307 1452 423 1480 nunc
445 1438 626 1480 Italiam
648 1452 858 1494 magnam
882 1437 1083 1493 Gryneus
1107 1436 1281 1493 Apollo,
1498 1435 1586 1479 345

150 1508 177 1530 ‘⁴
197 1508 381 1551 Italiam
402 1508 563 1564 Lyciae
580 1508 747 1565 jussere
770 1522 992 1564 capessere
1015 1513 1176 1551 sortes:

148 1578 175 1600 “
194 1579 280 1621 Hic
303 1594 437 1634 amor,
460 1579 567 1622 haec
590 1578 737 1635 patria
761 1584 839 1622 est.
907 1578 953 1623 si
974 1583 1019 1621 te
1044 1577 1325 1635 Carthaginis
1346 1592 1480 1633 arces,

148 1649 175 1671 ‘⁶
195 1649 494 1706 Phoenissam,
520 1650 798 1706 Libycaeque
821 1650 1059 1706 adspectus
1081 1649 1251 1692 detinet
1274 1648 1394 1692 urbis
1413 1663 1422 1693 :

148 1721 177 1743 ‘⁴
198 1722 319 1775 Quae
342 1722 540 1778 tandem,
566 1721 766 1765 Ausonia
790 1721 979 1764 Teucros
1002 1718 1222 1764 considere
1244 1725 1374 1776 terra,

149 1792 176 1813 ‘⁴
195 1792 370 1835 Invidia
393 1797 460 1834 est
479 1793 500 1835 P
537 1793 599 1835 Et
621 1807 699 1835 nos
719 1792 785 1835 fas
807 1797 958 1834 extera
980 1805 1185 1848 quaerere
1207 1805 1351 1848 regna.
1497 1791 1584 1834 350

149 1863 175 1884 “
193 1863 267 1905 Μ6
289 1863 430 1919 patris
452 1862 688 1918 Anchisae,
713 1863 884 1918 quoties
905 1861 1192 1904 humentibus
1215 1861 1382 1904 umbris

149 1932 178 1954 “
198 1933 302 1975 Nox
323 1932 462 1989 operit
485 1938 632 1989 terras,
657 1933 830 1989 quoties
852 1937 972 1975 astra
992 1932 1123 1989 ignea
1146 1937 1348 1989 surgunt,

149 2003 420 2046 “Admonet
442 2004 489 2046 in
512 2003 674 2046 somnis
696 2008 741 2046 et
763 2004 942 2046 turbida
963 2008 1097 2046 terret
1118 2003 1265 2060 imago
1282 2018 1293 2058 3

148 2073 176 2096 “
195 2074 269 2116 Me
290 2089 398 2131 puer
418 2074 637 2117 Ascanius
659 2074 903 2131 capitisque
924 2074 1084 2132 injuria
1105 2074 1208 2130 cari,

148 2145 176 2166 “
196 2145 338 2198 Quem
360 2160 492 2203 regno
515 2145 753 2202 Hesperiae
776 2146 929 2189 fraudo
951 2151 997 2189 ct
1018 2146 1230 2189 fatalibus
1252 2146 1378 2189 arvis.
1495 2147 1582 2190 355

148 2216 175 2238 ‘⁶
195 2217 237 2259 N
242 2231 327 2259 unc
352 2217 488 2259 etiam
506 2217 720 2274 interpres
743 2217 910 2273 divum,
934 2217 1045 2260 Jove
1067 2217 1226 2261 missus
1249 2218 1305 2260 ab
1327 2217 1442 2274 ipso-

147 2287 174 2309 “'
196 2288 351 2330 Testor
371 2292 612 2343 utrumque
636 2293 805 2344 caput-,
830 2288 988 2330 cclcrcs
1010 2288 1223 2330 mandata
1245 2302 1321 2344 per
1343 2302 1470 2330 auras

149 2358 176 2378 ‘⁶
195 2358 372 2401 Detulit
391 2373 400 2402 :
434 2358 528 2415 ipse
550 2359 683 2401 deum
705 2358 937 2401 manifesto
959 2358 1006 2400 in
1027 2358 1195 2400 lumine
1217 2357 1309 2400 vidi

148 2429 174 2450 “
193 2430 447 2472 luti-antem
463 2444 624 2485 muros,
648 2444 884 2486 vocemque
908 2430 974 2472 his
997 2429 1176 2472 auribus
1198 2429 1337 2473 hausi.

147 2500 172 2521 ‘⁶
195 2501 356 2543 Desine
379 2515 536 2557 meque
559 2501 649 2544 tuis
671 2501 899 2543 incendere
923 2506 1054 2557 thuc
1079 2500 1287 2556 querelis:
1491 2500 1578 2544 360

147 2571 172 2592 “
194 2572 374 2614 Italiam
396 2587 484 2615 non
507 2577 661 2630 sponte
685 2574 878 2628 sequor.'’
