1757 2916
152 116 241 158 102
641 126 872 158 AENEmos
904 126 991 158 LIB.
1025 126 1069 157 v.

143 235 359 292 Loricam,
384 251 520 293 quam
543 235 751 279 Demoleo
775 236 1032 279 detraxerat
1053 233 1147 291 ipse
1491 231 1597 276 260·

143 307 297 350 Victor
318 308 438 364 apud
461 308 666 364 rapidum
692 308 922 351 Simoenta
946 307 1028 348 sub
1052 305 1137 348 Ilio
1159 305 1263 360 alto,

144 379 294 422 Donat
318 379 476 421 habere
498 379 601 433 viro,
625 379 759 421 decus
782 383 826 420 et
851 383 1056 419 tutamen
1082 377 1126 419 in
1149 375 1292 418 armis.

143 450 235 492 Vix
258 451 381 492 illam
403 450 559 515 {amuli
583 450 787 505 Phegeus
813 448 1074 505 Sagarisque
1097 447 1296 489 serebant

143 521 455 577 Multiplieem,
482 521 657 563 connixi
678 519 871 562 humeris
889 533 899 573 ;
934 519 1123 561 indutus
1147 524 1194 560 at
1217 517 1320 560 olim

142 591 375 634 Demoleos
398 606 533 634 cursu
555 591 755 647 palantes
780 589 915 631 Troas
939 589 1108 645 agebat.
1492 588 1578 630 260

143 663 296 705 Tertia
320 663 434 704 dona
456 661 561 704 facit
584 660 781 717 geminos
804 674 858 702 ex
880 673 977 701 aere
999 659 1179 713 lebetas,

142 733 415 789 Cymbiaque
439 738 620 789 argento
643 731 835 788 perfecta
857 735 994 787 atque
1016 744 1170 787 aspera
1193 729 1338 786 signis

139 803 334 859 Jamque
356 803 464 845 adeo
486 802 640 846 donati
661 816 811 845 omnes
833 801 1076 858 opibusque
1102 799 1280 857 superbi

140 875 346 918 Puniceis
370 875 498 918 ibant
521 874 684 918 evincti
704 880 904 931 tempora
924 873 1096 929 taeniis,

142 947 292 1001 Quum
316 961 441 990 saevo
465 961 487 989 e
510 946 688 1003 scopulo
709 946 854 988 multa
875 945 951 988 vix
972 951 1066 987 arte
1090 944 1305 999 revulsus,
1491 939 1579 987 270

140 1017 329 1060 Amissis
352 1017 481 1060 remis
504 1022 640 1074 atque
663 1016 811 1060 ordine
833 1015 987 1059 debilis
1010 1030 1113 1071 11110,

143 1087 322 1130 Irrisam
344 1087 435 1130 sine
457 1088 616 1131 honore
639 1093 782 1130 ratem
808 1084 1036 1144 Sergestus
1058 1086 1229 1143 agebat.

143 1158 295 1211 Qualis
318 1173 444 1215 saepe
467 1158 562 1200 viae
584 1159 821 1214 deprensus
842 1157 889 1199 in
911 1171 1067 1214 aggere
1090 1170 1281 1213 serpens,

143 1229 285 1271 Aerea
306 1243 441 1285 quem
463 1229 690 1285 obliquum
715 1234 808 1270 rota
831 1228 1006 1270 transiit
1028 1233 1109 1270 aut
1134 1226 1280 1284 gravis
1302 1226 1398 1269 ictu

143 1300 416 1343 Seminecein
439 1299 568 1356 liquit
594 1314 695 1342 saxo
717 1299 999 1354 lacerumque
1022 1298 1178 1354 viator,
1487 1293 1576 1340 275

139 1371 454 1427 Nequidquam
477 1365 625 1427 longos
647 1370 820 1427 fugiens
842 1370 920 1412 dat
945 1383 1119 1425 corpore
1142 1374 1302 1424 tortus,

141 1443 275 1485 Parte
299 1443 417 1485 ferox
440 1443 680 1497 ardensque
703 1441 839 1483 oculis
862 1445 907 1482 et
932 1440 1061 1483 sibila
1083 1440 1194 1482 colla

136 1513 317 1556 Arduus
336 1514 557 1568 attollens⁷
583 1527 682 1569 pars
706 1513 882 1554 vulnere
906 1512 1064 1554 clauda
1085 1515 1283 1554 retentat

137 1585 385 1627 Nixantem
408 1584 532 1627 nodis
555 1598 687 1640 seque
709 1583 755 1626 in
779 1598 857 1626 sua
879 1583 1077 1626 membra
1099 1582 1343 1640 plicantem
1361 1596 1370 1625 ε

138 1655 238 1698 Tali
260 1655 440 1712 remigio
463 1655 588 1698 navis
611 1669 656 1697 se
679 1655 806 1697 tarda
829 1654 1051 1711 movebat,
1486 1652 1576 1695 280

137 1727 250 1770 Vela
272 1726 382 1769 facit
405 1731 556 1769 tamen
578 1731 623 1769 et
644 1726 754 1769 velis
776 1726 895 1769 subit
917 1725 1030 1769 ostia
1052 1725 1206 1783 plenis.

137 1798 392 1855 Sergestum
413 1797 588 1840 Aeneas
611 1797 824 1854 promisso
848 1811 1027 1840 munere
1049 1797 1200 1852 donat,

139 1869 371 1912 Servatam
393 1868 447 1911 ob
470 1882 627 1910 navem
648 1868 791 1910 laetus
815 1867 1037 1924 sociosque
1062 1868 1275 1911 reductos.

142 1939 234 1983 Olli
257 1953 380 1982 serva
403 1939 537 1982 datur
559 1953 739 1995 operum
761 1938 882 1982 haud
903 1938 1055 1995 ignara
1079 1938 1318 1995 Minervae,

136 2011 292 2054 Cressa
315 2025 468 2067 genus,
495 2009 677 2065 Pholoe,
701 2008 950 2066 geminique
973 2009 1054 2052 sub
1076 2010 1209 2052 ubere
1232 2009 1339 2053 nati.
1484 2011 1573 2055 285

227 2080 324 2123 Hoc
349 2080 450 2137 pius
472 2079 648 2123 Aeneas
671 2081 802 2122 misso
825 2079 1064 2122 certam-ine
1088 2081 1235 2123 tendit

135 2151 427 2196 Gramineum
449 2151 496 2193 in
518 2165 740 2207 campum,
766 2165 897 2206 quem
919 2151 1102 2194 collibus
1125 2151 1321 2207 undique
1345 2151 1488 2194 curvis

136 2222 386 2279 (lingebant
411 2222 559 2278 silvae,
583 2222 814 2276 mediaque
837 2221 883 2263 in
905 2221 1018 2263 valle
1042 2221 1207 2264 theatri

134 2293 288 2338 Circus
311 2298 432 2336 erat:
468 2307 554 2349 quo
578 2307 622 2335 se
645 2292 801 2335 multis
823 2306 924 2334 cum
947 2293 1141 2335 millibus
1162 2293 1285 2335 heros

135 2363 352 2408 Consessu
375 2364 571 2406 medium
594 2362 699 2405 tulit
722 2367 1030 2418 exstructoque
1053 2362 1223 2406 resedit.
1481 2362 1571 2406 290

134 2434 236 2490 Hic,
263 2449 340 2491 qul
362 2435 471 2477 forte
494 2434 632 2476 velint
654 2433 806 2490 rapido
829 2434 1088 2475 contendere
1110 2448 1255 2489 cursu,

135 2505 307 2549 Invitat
330 2505 483 2562 pretiis
505 2504 687 2560 animos,
712 2509 757 2546 et
779 2502 972 2560 praemia
995 2503 1130 2559 ponit.

135 2575 346 2633 Undique
371 2576 638 2619 conveniunt
662 2574 819 2618 Teucri
842 2573 1061 2631 mixtique
1086 2573 1259 2619 Sicani:
