1741 2902
650 149 880 180 AENEIDos
912 131 998 181 L'm.
1035 151 1114 181 XII.
1508 141 1586 183 30]

173 258 200 280 ‘⁶
220 259 337 312 Quid
360 273 475 301 1111110
498 263 542 300 10
566 262 657 313 tua,
683 258 844 314 Turne,
868 263 1015 314 potest
1039 273 1245 313 germana
1262 258 1430 314 juvare,

172 329 311 372 “Aut
335 328 439 385 quid
457 327 552 384 jam
574 329 706 370 durae
729 335 905 385 superat
928 329 1070 371 mihi?
1138 329 1234 382 Qua
1258 329 1340 371 tibi
1363 330 1508 372 lucem

172 399 199 420 “
216 399 326 442 Arte
351 401 526 442 morer?
594 399 739 441 Talin'
763 414 942 456 possum
964 414 1033 441 me
1058 414 1275 456 opponere
1298 406 1493 443 monstro
1514 402 1535 445 Ρ

171 469 197 490 “
217 469 322 512 Jam
339 468 433 525 jam
455 470 604 525 linquo
627 470 750 512 acies.
817 469 887 511 Ne
910 485 979 512 me
1002 476 1159 512 terrete
1183 470 1429 527 timentem,
1510 471 1596 516 875

171 539 198 560 ‘⁶
217 540 439 583 Obscenae
463 542 683 584 volucres:
719 542 888 583 alarum
910 541 1088 584 verbera
1110 557 1238 584 nosco

170 611 197 632 ‘⁶
215 612 503 668 Letalemque
528 627 697 667 sonum,
722 627 801 654 1100
822 611 986 655 fallunt
1003 612 1126 669 jussa
1151 614 1337 670 superba

170 683 196 703 ‘⁴
217 683 488 740 Magnanimi
510 683 542 726 J
545 683 647 726 ovis.
712 683 835 727 Haec
859 699 937 740 pro
959 684 1214 741 virginitate
1237 685 1444 741 reponit?

170 754 196 774 “
217 754 311 807 Quo
333 755 473 797 vitam
495 755 617 799 dedit
640 761 863 797 aeternam
881 757 902 798 Ρ
938 770 1014 797 0111·
1035 756 1190 798 11101118
1213 757 1389 799 ademta
1411 762 1477 799 est

170 825 197 846 “
218 826 460 870 Condicio?
528 826 707 869 Possem
732 832 882 869 tantos
903 827 1027 869 finire
1051 828 1215 869 dolores
1509 827 1597 870 880

169 896 196 916 “
220 897 350 939 Nunc
375 902 505 952 certe,
531 902 574 939 et
598 897 751 939 misero
773 897 897 939 fratri
919 912 1062 940 comes
1084 897 1144 939 ire
1166 912 1242 954 per
1264 898 1454 941 umbras.

168 967 195 988 ‘⁶
213 968 485 1010 Immortalis
507 983 584 1024 ego
600 969 621 1011 ?
657 973 735 1009 aut
759 968 1002 1023 quidquam
1023 968 1132 1010 mihi
1153 969 1280 1011 dulce
1305 983 1506 1011 meorum

167 1038 196 1059 ‘⁴
216 1038 279 1080 Te
302 1039 409 1094 sine,
432 1038 579 1094 frater,
604 1038 686 1080 erit
706 1039 727 1081 Ρ
793 1037 829 1081 O
855 1052 966 1093 quae
989 1038 1096 1080 satis
1118 1039 1212 1081 alta
1235 1039 1431 1082 dehiscat

166 1108 195 1130 “
212 1110 345 1152 Terra
367 1110 490 1166 mihi,
512 1123 750 1165 manesque
773 1108 901 1152 deam
923 1109 1136 1151 demittat
1159 1110 1215 1152 ad
1237 1110 1345 1153 imos
1365 1111 1386 1154 P
1400 1112 1425 1129 ''

166 1181 365 1223 Tantum
388 1180 535 1236 effata,
561 1187 696 1237 caput
718 1181 872 1237 glauco
897 1180 1093 1223 contexit
1115 1180 1284 1224 amictu
1507 1182 1594 1225 885

164 1252 310 1295 Multa
332 1267 523 1309 gemens,
548 1258 593 1295 et
617 1268 660 1295 se
681 1252 813 1296 fluvio
836 1253 917 1295 dea
939 1253 1133 1295 condidit
1155 1253 1256 1296 alto.

254 1323 428 1366 Aeneas
450 1324 589 1366 instat
612 1328 780 1379 contra,
806 1323 1031 1379 telumque
1054 1329 1254 1366 coruscat

165 1394 327 1450 Ingens
349 1395 592 1450 arboreum,
617 1399 661 1437 et
679 1409 804 1437 saevo
828 1394 886 1437 sic
910 1388 1083 1450 11001010
1106 1394 1251 1438 fatur:

165 1464 192 1485 ‘⁶
208 1465 329 1518 Quae
346 1480 462 1508 1111110
479 1466 634 1508 deinde
658 1480 777 1508 mora
799 1471 880 1520 est,
900 1470 978 1507 aut
995 1465 1101 1520 quid
1117 1465 1225 1521 jam,
1250 1465 1412 1521 Turne,
1433 1472 1593 1509 retrac-

165 1534 191 1555 “
211 1534 312 1577 Non
330 1551 475 1590 cursu,
495 1535 633 1578 saevis
651 1537 910 1578 certandum
928 1541 993 1578 est
1011 1536 1253 1578 comminus
1271 1537 1414 1581 armis.
1463 1535 1549 1592 [tas
1568 1539 1590 1580 ‚9

164 1605 192 1626 “
212 1605 345 1648 Verte
369 1621 516 1649 omnes
540 1611 630 1649 tete
653 1607 699 1649 in
720 1607 865 1662 facies,
891 1612 935 1649 et
958 1607 1179 1661 contrahe,
1205 1607 1419 1663 quidquid
1502 1609 1587 1652 891

163 1676 190 1696 ‘⁶
212 1676 310 1720 Sive
332 1677 489 1719 animis
513 1677 599 1719 sive
622 1682 716 1718 arte
739 1677 857 1719 vales
876 1691 888 1731 ;
923 1682 1027 1733 opta
1049 1678 1184 1719 ardua
1206 1677 1362 1734 pennis

167 1746 194 1767 ‘⁶
211 1747 345 1790 Astra
368 1748 490 1804 sequi
514 1749 797 1803 clausumque
821 1762 927 1790 cava
950 1755 993 1790 te
1017 1748 1197 1790 condere
1219 1755 1334 1790 terra
1355 1753 1362 1792 Ξ
1383 1750 1408 1767 ”
1423 1776 1433 1790 .

163 1819 246 1861 Ille
269 1824 404 1875 caput
427 1833 660 1874 quassans:
698 1818 726 1839 “
745 1818 847 1860 Non
867 1833 936 1860 me
953 1823 1034 1861 tua
1055 1819 1222 1861 fervida
1244 1824 1410 1861 terrent

164 1888 192 1909 “
213 1888 361 1944 Dicta,
384 1888 503 1931 ferox
523 1902 533 1944 3
569 1889 613 1931 di
636 1903 706 1931 me
729 1894 895 1931 terrent
918 1893 962 1931 et
984 1888 1166 1945 Jupiter
1187 1889 1367 1932 hostis.”
1504 1891 1591 1933 895

161 1958 254 2002 Nec
276 1960 402 2016 plura
425 1960 596 2016 effatus⁷
621 1975 779 2003 saxum
800 1960 1098 2017 circumspicit
1121 1960 1289 2017 ingens,

163 2031 334 2074 Saxum
355 2031 605 2088 antiquum,
630 2032 799 2088 ingens,
824 2046 981 2088 campo
1006 2032 1121 2087 quod
1142 2031 1253 2074 forte
1271 2030 1460 2087 jacebat,

159 2100 306 2144 Limes
328 2116 428 2158 agro
449 2102 633 2158 positus,
656 2102 783 2144 litem
805 2107 857 2144 ut
881 2101 1142 2144 discerneret
1164 2101 1288 2145 arvis.

159 2170 251 2212 Vix
270 2170 381 2213 illud
402 2171 505 2214 lecti
525 2172 593 2214 bis
617 2186 692 2214 sex
713 2172 875 2214 cervice
898 2171 1113 2225 subirent,

161 2240 317 2294 Qualia
339 2256 455 2284 nunc
477 2241 709 2284 hominum
732 2242 936 2297 producit
958 2256 1134 2297 corpora
1157 2242 1289 2284 tellus
1305 2274 1316 2295 ,
1502 2241 1589 2284 900

162 2311 240 2352 Ille
263 2325 400 2353 manu
422 2317 599 2368 raptum
621 2311 792 2367 trepida
814 2312 1044 2367 torquebat
1066 2311 1113 2353 in
1133 2311 1318 2367 hostem,

159 2382 306 2424 Altior
326 2381 553 2438 insurgens
575 2387 619 2424 et
641 2396 772 2424 cursu
795 2382 991 2424 concitus
1012 2381 1148 2425 heros.

161 2453 247 2496 Sed
270 2467 411 2509 neque
434 2458 681 2495 currentem
704 2467 747 2495 80
770 2467 847 2495 1100
872 2452 1092 2509 cognoscit
1117 2457 1311 2508 cuntem,

162 2524 463 2577 Tollentemve
485 2539 621 2566 manu
643 2538 885 2580 saxumque
907 2524 1099 2566 immane
1123 2529 1373 2566 moventem
1392 2538 1402 2578 ς

160 2595 316 2639 Genua
338 2596 505 2652 labant,
529 2596 697 2653 gelidus
715 2596 931 2639 concrevit
954 2595 1107 2652 frigore
1130 2595 1321 2651 sanguis.
1499 2595 1586 2640 905

1170 2672 1177 2699 1
