1731 2923
610 143 840 176 AENEmos
875 148 962 180 LIB.
998 147 1550 192 v.101

126 245 268 299 Quem
288 247 403 303 petit
427 253 471 291 et
493 250 675 294 summis
698 253 888 298 annixus
910 256 1072 301 viribus
1095 266 1267 318 urguet.

126 317 243 360 Tum
266 334 364 372 vero
386 320 627 377 ingeminat
652 324 825 382 clamor,
850 329 1088 386 cunctique
1108 340 1363 388 sequentem

124 387 348 446 Instigant
371 393 541 449 studiis,
567 402 828 453 resonatque
850 400 1090 457 fragoribus
1114 405 1274 449 aether.

124 459 185 502 Hi
208 463 429 517 proprium
451 465 583 509 decus
605 473 649 509 et
673 484 716 525 p
705 476 852 513 trtum
875 472 1165 529 indignantur
1187 477 1394 535 honoiem

122 529 182 572 Ni
205 537 400 589 teneant,
425 535 651 594 vitamque
674 541 827 583 volunt
851 557 927 598 pro
951 544 1080 588 laude
1103 547 1294 603 pacisci;
1431 585 1434 588 .
1467 552 1554 593 230

122 600 214 643 Hos
238 617 462 647 successus
486 607 595 651 alit:
631 617 827 667 possunt,
853 613 957 668 quia
980 630 1103 671 posse
1125 617 1340 663 videntur.

120 672 180 715 Et
203 674 290 717 fors
313 690 424 732 aequ
428 678 514 720 atis
536 680 753 735 cepissent
776 685 970 739 praemia
994 687 1154 744 rostris,

121 744 179 786 Ni
203 746 373 801 palmas
395 755 531 804 ponto
554 753 736 795 tendens
759 760 967 812 utrasque
992 757 1238 803 Cloanthus

120 814 412 874 Fudissetque
435 834 596 876 preces,
621 822 862 879 divosque
851 841 896 867 111
919 833 1021 870 vota
1044 836 1248 874 vocasset.

120 884 148 905 ‘⁶
167 885 238 941 Di,
263 887 458 943 quibus
445 892 682 947 imperium
704 900 770 937 est
792 896 949 952 pelagi,
975 913 1195 953 quorum
1183 916 1370 957 aequora
1392 918 1529 960 011110,

120 956 146 977 “
165 957 303 1002 Vobis
324 960 469 1004 laetus
493 977 571 1019 ego
593 964 673 1007 hoc
697 967 992 1010 candentem‘
981 985 1027 1011 in
1049 971 1175 1013 litore
1197 978 1377 1016 taurum
1461 978 1548 1021 236

119 1028 146 1049 ‘⁶
166 1028 449 1074 Constituam
470 1039 573 1076 ante
595 1050 705 1091 aras,
730 1038 821 1080 voti
839 1053 950 1094 reus,
975 1045 1168 1097 extaque
1191 1044 1325 1087 salsos

119 1098 147 1119 ‘⁵
165 1100 403 1144 Porriciam
424 1102 469 1145 in
490 1104 655 1149 fluctus
679 1113 723 1150 et
747 1107 848 1151 vina
870 1074 1088 1166 liquentia
1110 1112 1321 1159 fundam!
1343 1117 1367 1133 ’'

118 1169 261 1227 Dixit,
286 1186 473 1230 eumque
496 1175 597 1219 imis
621 1179 701 1220 sub
724 1179 933 1224 fiuctibus
956 1183 1100 1226 audiit
1123 1185 1262 1228 omnis

117 1241 359 1286 Nereidum
382 1245 627 1303 Phorcique
651 1249 804 1294 chorus
829 1251 1124 1311 Panopeaque
1147 1256 1280 1312 virgo,
1456 1258 1547 1301 240

115 1313 176 1356 Et
201 1321 328 1371 pater
348 1316 440 1372 ipse
462 1332 598 1362 manu
622 1335 782 1378 magna
805 1323 1030 1368 Portunus
1053 1331 1235 1369 euntem

115 1384 327 1442 Impulit:
362 1387 439 1430 illa
461 1389 579 1433 Noto
602 1391 733 1435 citius
757 1394 1007 1451 volucrique
1032 1397 1196 1453 sagitta

115 1455 188 1498 Ad
210 1462 370 1501 terram
391 1459 520 1517 fugit,
541 1467 585 1504 et
607 1469 737 1519 portu
760 1479 804 1506 se
827 1467 1023 1508 condidit
1045 1468 1148 1512 alto.

116 1525 233 1569 Tum
257 1534 378 1572 satus
400 1530 610 1588 Anchisa,
636 1534 809 1577 cunctis
831 1549 886 1577 ex
908 1551 1023 1578 more
1046 1538 1226 1594 vocatis,

115 1597 338 1641 Victorem
360 1615 521 1657 magna
542 1605 765 1659 praeconis
787 1620 888 1648 voce
913 1607 1184 1650 Cloanthum
1455 1611 1544 1655 245

115 1668 337 1726 Declarat,
362 1671 576 1729 viridique
599 1675 774 1718 advelat
798 1681 1001 1733 tempora
1023 1679 1159 1734 lauro,

113 1739 384 1797 Muneraque
405 1742 451 1785 in
474 1759 606 1787 naves
628 1751 773 1790 ternos
795 1753 944 1804 optare
961 1749 1171 1805 juvencos

112 1810 329 1867 Vinaque,
354 1817 399 1855 et
423 1816 595 1870 argenti
616 1831 828 1873 magnum
850 1820 928 1862 dat
951 1821 1059 1863 ferre
1081 1821 1314 1869 talentum,

111 1881 226 1938 Ipsis
248 1885 502 1942 praecipuos
524 1887 778 1932 ductoribus
800 1891 925 1934 addit
948 1892 1130 1935 honores
1150 1906 1158 1935 :

111 1952 282 1997 Victori
304 1956 579 2013 chlamydem
612 1965 827 2015 auratam,
863 1977 997 2018 quam
1019 1963 1210 2020 plurima
1232 1963 1398 2006 circum
1451 1965 1478 2006 2
1514 1966 1541 2006 O

112 2022 312 2080 Purpura
335 2026 572 2072 Maeandro
594 2030 760 2087 duplici
783 2032 999 2076 Meliboea
1023 2033 1219 2076 cucurrit
1239 2049 1250 2087 3

111 2094 407 2152 Intextusque
430 2113 537 2155 puer
557 2101 758 2145 frondosa
781 2105 924 2160 regius
947 2105 1029 2148 Ida

110 2165 292 2209 Veloces
309 2167 458 2223 jaculo
481 2185 624 2214 cervos
647 2187 861 2230 cursuque
884 2174 1058 2232 fatigat,

110 2237 235 2293 Acer,
260 2239 487 2283 anhelanti
509 2242 674 2298 similis,
699 2259 831 2300 quem
853 2260 1034 2302 praepes
1057 2247 1111 2288 ab
1137 2246 1219 2287 Ida

112 2308 354 2352 Sublimem
376 2311 560 2367 pedibus
583 2314 733 2370 rapuit
755 2315 880 2358 Jovis
903 2317 1088 2373 armiger
1109 2316 1234 2358 uncis
1254 2330 1265 2369 3

68 2419 70 2421 ,
110 2379 331 2437 Longaevi
353 2383 523 2438 palmas
546 2385 845 2442 nequidquam
867 2388 922 2429 ad
946 2387 1085 2430 sidera
1108 2388 1298 2429 tendunt

110 2450 340 2506 Custodes,
366 2455 593 2511 saevitque
617 2471 775 2499 eanum
799 2458 987 2501 latratus
1008 2459 1055 2500 in
1077 2473 1217 2501 auras.

109 2520 173 2563 At
196 2523 270 2578 qui
291 2525 446 2568 deinde
469 2526 615 2569 locum
637 2530 782 2571 tenuit
803 2529 967 2571 virtute
990 2530 1246 2583 seeundum,

109 2590 298 2637 Levibus
321 2594 422 2639 111110
444 2597 586 2640 hamis
609 2604 854 2642 consertam
877 2614 1068 2656 auroque
1092 2600 1279 2643 trilicem

1483 1967 1509 2009 CJI

1450 2318 1508 2360 ἐξ

1513 2291 1538 2360 Ut>
