1741 2902
590 135 816 167 AENEmos
850 137 935 168 Lm.
972 137 1014 167 x.
1433 124 1522 167 243

92 234 408 304 Praecipitant,
431 245 571 288 omnis
594 245 760 301 campis
782 243 958 301 diffugit
983 249 1141 299 arator,

94 320 248 364 Omnis
270 324 314 361 et
335 317 536 375 agricola,
561 322 606 360 et
629 323 730 359 tuta
752 318 863 359 latet
887 331 981 359 arce
1004 317 1148 359 viator
1431 316 1521 360 805

93 392 190 434 Aut
214 390 355 433 amnis
378 389 483 445 ripis
505 394 583 431 aut
605 389 686 430 alti
706 389 866 430 fornice
892 389 1001 443 saxi,

96 462 218 504 Dum
241 461 356 517 pluit
377 460 424 502 in
445 460 582 515 terris,
606 466 658 502 ut
681 460 862 516 possint,
888 460 973 502 sole
996 460 1188 514 reducto,

98 532 306 574 Exercere
329 531 469 574 diem:
506 531 565 573 sic
588 531 770 573 obrutus
795 531 985 585 undique
1008 530 1106 572 telis

97 603 267 645 Aeneas
289 603 452 644 nubem
475 602 591 656 belli,
617 602 723 644 (lum
746 602 924 643 detonet
947 601 1101 656 omnis,

98 672 296 715 Sustinet
320 678 364 714 et
387 672 584 714 Lausum
605 672 853 727 increpitat,
880 671 1110 726 Lausoque
1136 671 1354 714 minatur:
1435 672 1523 714 810

98 743 125 764 ‘³
146 744 240 797 Quo
265 743 471 786 moriture
494 743 597 797 ruis,
622 743 873 798 majoraque
896 742 1059 784 viribus
1082 742 1214 784 audes
1231 743 1252 785 Ρ

98 815 124 835 “
144 815 282 856 Fallit
305 820 348 856 te
371 814 603 856 incautum
624 814 765 869 pietas
787 815 907 856 tua.''
973 813 1065 855 Nec
1090 813 1238 854 minus
1260 812 1333 854 ille

97 886 310 928 Exsultat
334 886 509 927 demens
525 899 535 938 ;
571 899 720 927 saevae
737 883 916 939 jamque
938 884 1071 925 altius
1093 884 1180 925 irae

100 956 321 999 Dardanio
345 961 528 1011 surgunt
550 955 735 1009 ductori,
762 960 1044 1008 extremaque
1068 954 1211 995 Lauso

99 1028 261 1070 Parcae
284 1027 359 1069 fila
380 1027 533 1082 legunt
554 1040 563 1069 :
597 1025 793 1067 validum
815 1038 1007 1079 namque
1030 1024 1166 1080 exigit
1190 1039 1337 1066 ensem
1436 1025 1524 1068 815

99 1098 185 1140 Per
205 1097 403 1140 medium
425 1097 598 1139 Aeneas
615 1095 836 1152 juvenem,
860 1100 1094 1150 totumque
1116 1095 1311 1137 recondit
1332 1109 1343 1149 ;
1381 1139 1383 1141 ,

100 1167 293 1210 Transiit
316 1171 360 1209 et
385 1180 584 1222 parmam
605 1179 768 1220 mucro,
792 1165 904 1207 levia
926 1179 1048 1207 arma
1069 1165 1263 1219 minacis,

98 1239 160 1281 Et
182 1238 399 1293 tunicam,
421 1237 542 1279 molli
562 1241 704 1278 mater
724 1250 858 1292 quam
878 1241 1055 1278 neverat
1078 1250 1182 1278 auro
1197 1250 1208 1290 3

99 1309 395 1367 Implevitque
419 1308 564 1352 sinum
587 1307 761 1364 sanguis
782 1321 793 1361 3
827 1312 925 1349 tum
947 1307 1041 1350 vita
1064 1322 1140 1364 per
1160 1322 1287 1350 auras

101 1381 326 1424 Concessit
348 1385 518 1423 maesta
540 1380 596 1422 ad
620 1377 786 1434 Manes,
811 1393 1054 1434 corpusque
1078 1379 1263 1435 reliquit.
1438 1378 1526 1420 820

100 1451 165 1494 At
187 1466 286 1494 vero
307 1456 359 1494 ut
379 1451 560 1493 vultum
581 1450 692 1493 vidit
713 1449 935 1493 morientis
957 1455 1001 1491 et
1025 1464 1111 1505 ora,

105 1521 196 1565 Ora
216 1522 355 1564 modis
376 1521 666 1563 Anchisiades
689 1520 902 1576 pallentia
923 1519 1057 1574 miris,

101 1591 327 1648 Ingemuit
350 1591 559 1633 miserans
580 1590 779 1647 graviter,
803 1590 1091 1645 dextramque
1113 1589 1316 1644 tetendit,

103 1663 164 1705 Et
186 1668 379 1705 mentem
401 1661 568 1718 patriae
591 1661 726 1703 subiit
749 1660 928 1716 pietatis
949 1659 1107 1716 imago.

105 1734 132 1755 “
152 1734 269 1787 Quid
291 1732 375 1775 tibi
396 1747 529 1787 nunc,
552 1732 794 1774 miserande
815 1745 936 1787 puer,
961 1745 1038 1786 pro
1059 1730 1265 1772 laudibus
1287 1729 1395 1785 istis,
1440 1730 1528 1773 825

105 1805 133 1826 ‘⁴
153 1805 269 1858 Quid
291 1804 390 1861 pius
412 1803 584 1846 Aeneas
607 1808 733 1845 tanta
756 1802 879 1844 dabit
901 1802 1045 1862 indole
1068 1802 1252 1858 dignum
1266 1803 1286 1844 Ρ

106 1875 134 1896 “
152 1875 304 1930 Α11113,
329 1873 490 1931 quibus
511 1874 720 1928 laetatus,
744 1872 856 1915 habe
879 1877 977 1926 tua,
1001 1876 1133 1927 teque
1157 1876 1390 1928 parentum

106 1946 133 1967 ‘⁶
152 1945 359 1988 Manibus
381 1949 425 1987 et
449 1943 596 1999 cineri,
622 1943 659 1986 si
680 1957 769 1999 qua
790 1948 856 1985 est
879 1957 930 1985 ea
951 1957 1068 1998 cura,
1092 1942 1278 1985 remitto.

107 2016 133 2037 ‘⁴
152 2016 248 2059 Hoc
270 2021 421 2058 tamen
441 2015 596 2057 infelix
616 2014 818 2057 miseram
840 2013 1031 2056 solabere
1053 2018 1238 2055 mortem
1258 2027 1267 2056 t

107 2086 324 2128 “Aeneae
346 2086 496 2143 magni
516 2087 673 2128 dextra
696 2084 854 2128 cadis.''
917 2085 1122 2140 Increpat
1144 2085 1259 2126 ultro
1441 2083 1530 2125 830

107 2157 379 2199 Cunctantes
402 2156 551 2210 socios,
576 2161 621 2197 et
644 2162 757 2197 terra
781 2155 979 2197 sublevat
1001 2155 1160 2210 ipsum,

109 2225 330 2281 Sanguine
349 2230 603 2280 turpantem
626 2229 791 2266 comtos
813 2224 866 2265 de
890 2238 1005 2265 more
1028 2224 1216 2278 capillos.

107 2297 284 2339 Interea
307 2297 476 2353 genitor
498 2295 691 2338 Tiberini
713 2295 769 2336 ad
790 2293 985 2336 fluminis
1007 2295 1175 2335 undam

108 2369 304 2412 Vulnera
326 2367 519 2411 siccabat
539 2366 743 2423 lymphis,
768 2379 1008 2422 corpusque
1029 2364 1204 2406 levabat

107 2439 287 2483 Arboris
310 2439 487 2481 acclinis
509 2443 663 2480 trunco
684 2451 694 2491 3
728 2436 878 2494 procul
900 2449 1022 2478 aerea
1044 2434 1175 2477 ramis
1445 2432 1533 2476 835

109 2509 340 2567 Dependet
361 2509 498 2566 galea,
523 2514 567 2551 et
589 2513 714 2565 prato
736 2507 883 2564 gravia
904 2520 1026 2548 arma
1047 2505 1292 2561 quiescunt.

110 2580 243 2625 Stant
265 2579 370 2623 lecti
390 2578 554 2622 circum
569 2577 751 2635 juvenes
767 2591 778 2632 ;
812 2576 904 2633 ipse
927 2590 1068 2632 aeger,
1093 2574 1322 2629 anhelans,
