1757 2916
150 148 237 192 286
633 161 863 191 Anumnos
896 161 982 200 mn.
1019 161 1098 192 ΧΠ.

149 268 269 311 Huic
291 269 499 312 comitem
522 269 726 312 Asbuten
750 269 946 325 conjecta
967 269 1145 326 cuspide
1168 269 1327 324 mittit,

151 339 422 396 Chloreaque
449 341 736 396 Sybarimque
763 336 1016 396 Daretaque
1042 341 1478 396 Thersilochumque,

148 411 210 453 Et
234 411 443 453 sternacis
466 411 566 466 equi
589 412 765 466 lapsum
789 411 952 453 cervice
977 411 1265 466 Thymoeten.

150 482 215 524 Ac
239 483 360 524 velut
383 482 527 524 Edoni
552 482 715 523 Boreae
738 496 879 537 quum
903 482 1085 538 spiritus
1108 483 1199 525 alto
1495 483 1582 527 365

150 554 331 595 Insenat
356 554 531 608 Aegaeo
555 552 839 607 sequiturque
862 552 918 593 ad
941 552 1070 594 litora
1091 553 1268 608 fluctus,

149 624 246 676 Qua
269 623 389 665 venti
411 623 661 677 incubuere,
686 622 840 679 fugam
863 623 972 665 dant
996 624 1150 666 nubila
1174 624 1318 668 coelo:

150 696 220 738 Sic
244 695 412 748 Turno,
437 709 715 750 quacumque
738 694 857 736 viam
880 699 1014 751 secat,
1039 695 1217 751 agmina
1241 696 1404 739 cedunt

149 767 479 821 Conversaeque
503 772 638 808 ruunt
661 766 802 820 acies;
835 766 921 809 sert
944 767 1137 823 impetus
1159 767 1320 823 ipsum,

147 837 207 879 Et
232 837 411 880 cristam
433 837 612 880 adverso
635 852 763 879 curru
786 837 933 893 quatit
958 852 1065 880 aura
1087 838 1324 881 volantem.
1495 837 1585 884 370

147 908 247 950 Non
268 909 374 951 tulit
397 909 639 951 instantem
663 908 866 965 Phegeus
888 908 1134 965 animisque
1155 909 1449 965 frementem

149 979 323 1036 Objecit
347 994 436 1022 sese
462 981 519 1022 ad
542 995 734 1035 currum,
759 985 804 1022 et
828 980 1083 1036 spumantia
1105 980 1238 1025 frenis

149 1050 239 1093 Ora
262 1051 500 1093 citatorum
522 1052 681 1093 dextra
704 1051 888 1093 detorsit
912 1065 1138 1107 equorum.

147 1122 270 1164 Dum
293 1123 489 1165 trahitur
510 1123 761 1179 pendetque
778 1122 913 1179 jugis,
938 1122 1055 1165 hunc
1078 1123 1173 1165 lata
1196 1128 1411 1166 retectum

146 1193 320 1236 Lancea
341 1193 638 1250 consequitur,
663 1194 918 1250 rumpitque
940 1194 1078 1236 infixa
1100 1195 1278 1237 bilicem
1493 1193 1581 1240 375

145 1265 342 1307 Loricam
366 1270 410 1307 et
434 1278 658 1307 summum
681 1265 891 1322 degustat
915 1266 1094 1308 vulnere
1118 1280 1287 1322 corpus.

145 1336 226 1378 Ille
249 1342 399 1378 tamen
422 1336 561 1392 clipeo
584 1336 753 1392 objecto
776 1351 1005 1379 conversus
1028 1337 1074 1379 in
1096 1337 1269 1380 hostem

144 1408 261 1462 Ibat,
287 1413 331 1449 ct
355 1407 570 1449 auxilium
593 1407 728 1449 ducto
751 1421 956 1449 mucrone
979 1408 1192 1463 petebat:

145 1479 257 1521 Cum
283 1484 378 1520 rota
399 1478 686 1534 praecipitem
709 1483 754 1520 et
777 1493 987 1534 procursu
1009 1478 1207 1521 concitus
1230 1479 1325 1521 axis

143 1549 332 1606 Impulit
356 1549 630 1605 effunditque
655 1550 756 1605 solo,
783 1549 1048 1605 Turnusque
1072 1556 1249 1594 secutus
1494 1553 1583 1596 380

142 1621 288 1663 Iinam
310 1621 425 1663 inter
446 1621 618 1682 galeam
643 1621 805 1664 summi
822 1610 1013 1665 thoracis
1036 1626 1081 1664 et
1105 1637 1199 1665 oras

143 1691 344 1734 Abstulit
368 1706 467 1734 ense
490 1697 640 1748 caput,
666 1698 964 1748 truncumque
988 1693 1166 1750 reliquit
1188 1708 1356 1738 arenae.

231 1763 384 1819 Atque
409 1777 459 1805 ea
481 1764 590 1806 dum
613 1764 781 1820 campis
803 1764 943 1807 victor
963 1765 1042 1807 dat
1064 1765 1218 1808 funera
1243 1765 1420 1809 Turnus
1435 1780 1448 1823 3

141 1833 317 1875 Interea
335 1833 519 1875 Aenean
544 1834 803 1877 Mnestheus
826 1840 870 1877 et
892 1835 1007 1877 fidus
1029 1835 1228 1878 Achates

146 1903 448 1958 Ascaniusque
473 1918 615 1946 comcs
638 1905 792 1946 castris
817 1909 1012 1947 statuere
1036 1912 1284 1962 cruentum,
1491 1909 1579 1953 385

141 1974 349 2016 Alternos
372 1975 501 2031 longa
518 1974 738 2017 nitentem
761 1976 942 2032 cuspide
965 1991 1148 2032 gressus.

143 2045 308 2101 Saevit,
329 2051 373 2098 et
396 2045 582 2088 infracta
604 2047 804 2090 luctatur
825 2048 1039 2090 arundine
1064 2049 1205 2091 telum

140 2118 332 2174 Eripere,
357 2118 609 2173 auxilioque
632 2119 763 2174 viam,
785 2133 897 2174 quae
922 2120 1137 2176 proxima,
1163 2121 1304 2177 poscit
1324 2135 1335 2166 ζ

141 2188 257 2231 Ense
282 2195 428 2231 secent
446 2189 544 2231 lato
567 2189 742 2245 vulnus,
770 2190 934 2245 telique
959 2191 1175 2233 latebram

141 2261 410 2303 Rescindant
432 2261 622 2317 penitus,
648 2276 825 2317 seseque
849 2262 892 2303 in
916 2261 1030 2305 bella
1052 2263 1300 2308 remittant.
1490 2267 1577 2309 390

138 2331 332 2387 Jamque
356 2333 507 2375 aderat
533 2333 708 2375 Phoebo
731 2339 833 2375 ante
857 2334 963 2376 alios
987 2334 1176 2377 dilectus
1200 2336 1322 2392 Iapis

140 2401 320 2457 Iasides,
345 2403 433 2444 acri
458 2403 680 2458 quondam
703 2403 773 2445 cui
798 2410 954 2460 eaptus
978 2420 1123 2447 amore

142 2474 239 2529 Ipse
263 2489 362 2517 suas
385 2480 516 2529 artes,
542 2488 620 2516 sua
642 2488 835 2529 munera,
861 2476 1004 2518 laetus
1029 2476 1192 2532 Apollo

138 2544 390 2602 Augurium
413 2545 717 2601 citharamque
741 2545 876 2588 dabat
900 2546 1146 2604 celeresque
1169 2548 1358 2606 sagittas
1379 2562 1391 2604 ;

138 2615 233 2672 Ille,
257 2621 310 2659 ut
328 2615 516 2673 depositi
538 2615 747 2673 proferret
771 2616 864 2658 sata
886 2617 1094 2674 parentis,
1484 2620 1572 2664 395
