1741 2902
995 68 1006 90 Ι

595 120 826 150 AENEIDos
858 120 944 151 ΜΒ.
978 123 1020 151 x.
1454 109 1539 154 227

109 228 302 285 Jamque
325 229 371 271 in
392 232 633 284 conspectu
657 227 847 271 Teucros
869 228 1003 271 habet
1025 234 1069 271 et
1091 243 1171 271 sua
1193 233 1352 284 castra,
1452 230 1541 272 260

112 299 248 343 Stans
271 300 384 342 celsa
407 299 453 341 in
475 297 640 355 puppi:
677 299 867 356 clipeum
890 313 1028 355 quum
1050 299 1207 342 deinde
1232 300 1407 343 sinistra

111 370 294 413 Extulit
316 371 554 414 ardentem.
620 370 867 414 Clamorem
890 371 945 413 ad
968 371 1110 413 sidera
1132 371 1299 414 tollunt

108 441 387 484 Dardanidae
411 456 433 483 e
456 441 618 485 muris:
655 457 752 498 spes
774 442 927 485 addita
952 443 1136 485 suscitat
1159 443 1243 496 iras
1264 458 1274 498 3

109 513 216 556 Tela
238 528 375 555 manu
391 513 564 569 jaciunt
583 528 592 557 τ
629 515 779 570 quales
803 515 883 557 sub
905 515 1095 558 nubibus
1118 516 1225 558 atris

42 640 45 642 q
111 584 387 639 Strymoniae
411 585 520 627 dant
542 584 667 641 signa
690 599 832 642 grues,
857 591 991 642 atque
1014 586 1191 629 aethera
1214 592 1397 630 tranant
1450 588 1538 632 265

54 648 58 653 ’
108 654 224 698 Cum
247 656 407 711 sonitu,
431 657 695 713 fugiuntque
718 656 858 700 Notos
881 659 1068 701 clamore
1092 660 1291 703 secundo.

106 728 171 770 At
195 728 365 771 Rutulo
388 728 479 784 regi
500 728 772 784 ducibusque
794 743 845 770 ea
865 729 976 771 mira
997 730 1136 772 videri

106 799 327 854 Ausoniis,
351 800 487 842 donec
509 814 651 843 versas
675 801 732 842 ad
753 800 882 842 litora
904 815 1074 857 puppes

107 871 382 927 Respiciunt,
407 876 642 927 totumque
665 871 798 914 allabi
819 871 1028 914 classibus
1050 887 1219 928 aequor.

107 942 249 983 Ardet
273 956 385 997 apex
407 941 557 997 capiti,
582 941 812 997 cristisque
835 956 861 984 a
882 942 1044 984 vertice
1066 943 1248 985 flamma
1447 942 1537 989 270

106 1012 346 1067 Funditur,
372 1017 416 1054 et
432 1017 577 1054 vastos
598 1012 733 1054 umbo
754 1012 893 1055 vomit
915 1027 1064 1055 aereus
1086 1013 1208 1069 ignes
1226 1027 1236 1056 ε

105 1082 206 1125 Non
230 1097 353 1125 secus
376 1097 426 1125 ac
447 1082 617 1138 liquida
639 1082 675 1125 si
697 1083 872 1139 quando
893 1089 1019 1126 nocte
1043 1088 1239 1126 cometae

107 1154 346 1211 Sanguinei
367 1154 550 1210 lugubre
574 1154 746 1210 rubent,
771 1160 849 1197 aut
875 1154 1013 1198 Sirius
1036 1156 1176 1210 ardor,

105 1224 187 1267 Ille
210 1224 332 1267 sitim
353 1225 609 1281 morbosque
630 1224 769 1267 ferens
791 1225 1049 1268 mortalibus
1071 1226 1224 1283 aegris,

105 1295 315 1338 Nascitur
338 1301 383 1338 et
404 1296 528 1338 laevo
551 1295 784 1338 contristat
805 1296 971 1338 lumine
993 1296 1175 1340 coelum.
1449 1294 1538 1341 275

106 1365 241 1408 Haud
263 1371 416 1408 tamen
437 1367 594 1409 audaci
617 1366 766 1409 Turno
787 1367 949 1409 fiducia
972 1367 1102 1409 cessit

104 1436 254 1479 Litora
276 1436 538 1493 praecipere,
563 1443 608 1479 et
629 1426 854 1479 venientes
877 1437 1034 1493 pellere
1057 1442 1186 1481 terra.

114 1505 266 1561 [Ultro
289 1507 457 1550 animos
479 1507 598 1549 tollit
622 1507 765 1562 dictis,
791 1512 924 1563 atque
948 1507 1146 1563 increpat
1168 1508 1284 1549 ultro
1299 1507 1331 1564 t]

107 1577 134 1598 ‘⁶
156 1577 281 1630 Quod
299 1577 413 1619 Votis
435 1577 638 1633 optastis,
663 1577 802 1632 adest,
827 1571 1091 1633 perfringere
1113 1578 1279 1620 dextra.

107 1647 134 1668 ‘⁴
152 1647 206 1689 In
229 1646 433 1689 manibus
456 1647 575 1690 Mars
596 1647 701 1703 ipse,
727 1647 818 1691 viri.
883 1646 1013 1690 Nunc
1037 1647 1230 1704 conjugis
1251 1652 1344 1690 esto
1448 1648 1536 1690 280

107 1716 135 1738 ‘⁶
154 1717 348 1772 Quisque
371 1731 474 1759 suae
497 1717 691 1772 tectique
713 1731 880 1759 memor
893 1731 904 1771 3
939 1731 1055 1760 nunc
1078 1732 1240 1774 magna
1261 1717 1417 1760 referto

108 1787 136 1807 ‘⁶
157 1786 312 1842 Facta,
338 1791 518 1843 patrum
539 1786 704 1830 laudes.
770 1787 903 1829 Ultro
927 1801 1202 1829 occurramus
1225 1788 1280 1830 ad
1302 1787 1485 1841 undam,

106 1857 134 1879 ‘⁶
153 1858 274 1900 Dum
298 1857 458 1914 trepidi
481 1857 724 1914 egressique
746 1857 901 1900 labant
925 1857 1109 1914 vestigia
1130 1857 1283 1914 prima.

106 1928 134 1949 ‘⁶
153 1928 384 1971 Audentes
407 1928 608 1971 Fortuna
624 1928 796 1984 juvat.'’

105 1999 226 2057 Haec
249 1999 327 2054 ait,
354 2005 398 2041 et
421 2013 570 2041 secum
591 2005 750 2055 versat,
776 2014 882 2055 quos
905 2000 1062 2042 ducere
1085 2004 1251 2054 contra,
1448 1999 1536 2043 285

105 2068 189 2110 Vel
211 2068 369 2124 quibus
391 2069 582 2111 obsessos
603 2069 740 2125 possit
762 2070 1013 2112 concredere
1035 2084 1192 2113 muros.

195 2138 372 2181 Interea
394 2139 567 2181 Aeneas
590 2139 724 2182 socios
746 2140 800 2182 de
822 2140 1048 2195 puppibus
1070 2139 1175 2181 altis

107 2209 324 2252 Pontibus
347 2208 540 2265 exponit.
605 2209 740 2251 Multi
763 2224 931 2252 servare
954 2224 1152 2252 recursus

109 2279 378 2336 Languentis
400 2278 560 2335 pelagi,
585 2284 630 2321 et
651 2279 854 2321 brevibus
878 2294 920 2321 se
943 2280 1113 2321 credere
1136 2279 1282 2332 saltu3

107 2351 192 2393 Per
214 2365 352 2393 remos
376 2350 462 2394 alii.
529 2350 791 2406 Speculatus
813 2350 943 2392 litora
967 2350 1182 2403 Tarchon,
1448 2349 1536 2392 290

107 2422 204 2476 Qua
225 2422 338 2464 vada
362 2435 448 2463 non
470 2421 637 2477 spirant
659 2435 738 2463 nec
761 2420 902 2463 fracta
923 2425 1218 2462 remurmurat
1240 2420 1373 2477 unda,

107 2493 195 2536 Sed
216 2507 334 2535 mare
357 2491 618 2535 inoffensum
641 2491 851 2534 crescenti
873 2491 1080 2534 allabitur
1102 2497 1242 2547 aestu,

107 2563 313 2608 Advertit
335 2564 481 2607 subito
503 2578 662 2620 proras,
688 2564 907 2619 sociosque
930 2568 1160 2619 precatur:
