1731 2923
592 117 826 150 AENEmos
857 120 944 151 Lm,
981 121 1044 152 111.
1478 108 1538 156 57

111 221 333 280 Harpyiae
357 228 402 267 et
424 223 596 280 magnis
618 225 829 281 quatiunt
850 227 1124 284 clangoribus
1141 227 1248 284 alas,

109 293 424 351 Diripiuntque
447 294 595 351 dapes,
619 301 913 352 contactuque
937 296 1083 339 omnia
1104 297 1283 340 foedant

107 364 345 407 Immundo
361 378 373 419 3
407 370 507 407 tum
522 379 607 408 vox
629 370 798 409 tetrum
819 366 912 409 dira
934 367 1048 410 inter
1068 368 1253 411 odorem.

108 433 305 476 Rursum
326 435 373 476 in
395 449 564 478 secessu
585 435 713 492 longo
738 436 819 478 sub
841 451 948 493 rupe
971 442 1142 492 cavata,

109 503 350 548 Arboribus
367 504 506 548 clausi
527 505 691 548 circum
713 512 847 562 atque
868 507 1146 550 horrentibus
1168 508 1350 564 umbris,
1446 509 1535 551 230

108 575 379 618 Instruimus
400 590 586 632 mensas,
611 576 781 633 arisque
804 578 1050 634 reponimus
1071 578 1219 635 ignem
1241 593 1250 632 ;

106 647 300 690 Rursum
323 662 377 690 ex
399 648 566 690 diverso
589 648 698 691 coeli
720 649 944 705 caecisque
967 649 1146 693 latebris

107 717 257 760 Turba
280 733 438 761 sonans
460 718 668 775 praedam
689 719 873 774 pedibus
897 719 1182 762 circumvolat
1205 721 1343 775 uncis,

107 788 274 832 Polluit
297 804 367 832 ore
390 790 533 846 dapes.
601 790 736 833 Sociis
759 795 878 846 tunc,
903 805 1025 833 arma
1048 798 1294 848 capessant,

105 859 258 915 Edico,
283 864 327 901 et
349 859 441 901 dira
462 859 631 901 bellum
653 874 753 902 cum
778 866 908 916 gente
930 863 1181 917 gerendum.
1446 864 1535 908 235

105 930 242 972 Haud
264 945 387 972 secus
409 944 458 972 ac
477 930 587 986 jussi
608 930 790 986 faciunt,
815 928 1043 987 tectosque
1066 947 1144 988 per
1164 934 1344 976 herbam

106 1001 359 1057 Disponunt
382 1014 503 1043 enses
525 1006 570 1042 et
593 1005 718 1043 scuta
739 1001 928 1044 latentia
949 1003 1157 1046 condunt.

105 1073 222 1129 Ergo
243 1072 321 1115 ubi
342 1072 544 1128 delapsae
567 1072 760 1115 sonitum
782 1087 858 1129 per
879 1088 1012 1116 curva
1034 1074 1189 1117 dedere

104 1142 256 1185 Litora
274 1157 285 1197 ;
320 1143 399 1185 dat
422 1142 596 1199 signum
619 1143 795 1200 specula
817 1143 1015 1186 Misenus
1037 1144 1092 1186 ab
1115 1144 1207 1187 alta

104 1213 220 1255 Aere
244 1228 360 1257 cavo.
425 1213 652 1256 Invadunt
675 1214 779 1257 socii
801 1219 845 1256 et
868 1229 980 1257 nova
1002 1215 1166 1271 proelia
1188 1220 1380 1271 tentant,
1445 1216 1534 1258 240

108 1283 330 1327 obscenas
352 1283 499 1341 pelagi
518 1284 627 1327 ferro
649 1284 822 1327 foedare
842 1285 1050 1329 volueres.

107 1354 192 1397 Sed
211 1354 359 1410 neque
370 1354 461 1397 vim
483 1355 647 1412 plumis
669 1356 808 1398 ullam
830 1370 910 1398 nec
932 1356 1115 1398 vulnera
1138 1362 1259 1414 tergo

103 1423 359 1481 Accipiunt,
384 1425 597 1481 celerique
619 1425 724 1482 fuga
747 1426 827 1468 sub
851 1426 992 1468 sidera
1014 1426 1163 1483 lapsae

108 1493 347 1537 Semiesam
369 1495 582 1551 praedam
605 1501 650 1538 et
672 1496 855 1552 vestigia
875 1496 1002 1538 foeda
1023 1497 1292 1552 relinquunt.

105 1564 209 1607 Una
230 1566 276 1607 in
299 1567 518 1621 praecelsa
540 1566 733 1608 consedit
756 1580 862 1621 rupe
887 1565 1088 1621 Celaeno,
1445 1566 1533 1611 245

104 1636 267 1678 Infelix
287 1642 422 1691 vates,
447 1636 700 1692 rumpitque
722 1636 834 1678 hanc
858 1642 1030 1692 pectore
1053 1651 1202 1679 vocem
1222 1652 1231 1678 :

105 1705 325 1748 “Bellum
348 1706 483 1748 etiam
505 1721 581 1762 pro
600 1706 731 1748 caede
753 1707 887 1748 boum
912 1707 1148 1763 stratisque
1166 1707 1379 1763 juvencis,

106 1776 132 1797 “
148 1776 562 1832 Laomedontiadae,
586 1777 808 1819 bellumne
830 1777 986 1819 inferre
1009 1778 1188 1834 paratis,

106 1846 134 1868 “
151 1847 212 1889 Et
235 1846 378 1902 patrio
400 1846 620 1903 Harpyias
641 1846 836 1890 insontes
858 1847 1016 1904 pellere
1040 1862 1168 1904 regno
1189 1849 1211 1891 Ρ

106 1916 133 1937 “
151 1917 356 1974 Accipite
379 1932 478 1974 ergo
499 1917 657 1960 animis
680 1923 813 1973 atque
834 1918 941 1961 haec
962 1933 1062 1960 mea
1082 1919 1207 1975 figite
1230 1919 1365 1970 dicta,
1444 1919 1534 1963 250

107 1986 135 2008 “
152 1987 273 2040 Quae
296 1987 470 2029 Phoebo
493 1992 619 2043 pater
641 1987 929 2044 omnipotens,
953 1988 1064 2030 mihi
1086 1988 1288 2031 Phoebus
1312 1988 1474 2045 Apollo

105 2057 134 2080 “
152 2058 395 2114 Praedixit,
419 2058 540 2100 vobis
561 2058 797 2100 Furiarum
818 2073 896 2115 ego
918 2060 1113 2102 maxima-
1135 2061 1292 2117 pando.

106 2127 135 2150 “
152 2128 334 2170 Italiam
356 2143 484 2171 cursu
505 2129 686 2185 petitis:
720 2129 951 2186 ventisque
974 2132 1141 2173 vocatis

106 2198 134 2220 ‘⁶
153 2198 284 2241 Ibitis
307 2198 502 2254 Italiam,
526 2205 764 2255 portusque
787 2200 947 2242 intrare
969 2201 1120 2242 licebit
1137 2215 1149 2254 3

106 2268 134 2291 ‘⁶
156 2269 240 2312 Sed
262 2283 349 2310 non
371 2274 472 2311 ante
496 2270 649 2311 datam
672 2269 855 2325 cingetis
876 2270 1101 2312 moenibus
1123 2270 1289 2325 urbem,
1443 2270 1531 2314 255

107 2339 134 2361 “
153 2340 296 2393 Quam
318 2353 393 2381 vos
415 2339 508 2381 dira
528 2339 665 2381 fames
688 2344 946 2395 nostraeque
969 2339 1128 2395 injuria
1152 2340 1293 2383 caedis

107 2409 134 2431 “
152 2410 366 2452 Ambesas
390 2409 567 2466 subigat
588 2409 716 2452 malis
738 2409 966 2451 absumere
988 2412 1199 2454 mensas?⁴

107 2479 251 2535 Dixit,
279 2484 324 2522 et
345 2479 392 2522 in
413 2480 569 2522 silvam
591 2479 746 2536 pennis
767 2479 918 2522 ablata
939 2479 1112 2536 refugit.

111 2549 172 2593 At
194 2550 319 2594 sociis
342 2550 488 2594 subita
510 2550 678 2607 gelidus
700 2549 927 2593 formidine
950 2551 1127 2608 sanguis

454 2610 501 2648 3*
