1741 2902
615 156 842 186 AENEIDos
874 157 961 187 ΜΒ.
998 156 1064 186 XI.
1479 145 1567 189 273

138 263 182 306 N
185 279 230 306 00
256 264 487 320 quisquam
509 269 726 306 instantes
750 264 940 306 Teucros
963 264 1192 320 letumque
1214 264 1402 307 ferentes

140 334 395 378 Sustentare
416 334 536 376 valet
558 333 671 390 telis,
696 340 775 376 aut
798 334 948 377 sistere
972 339 1124 376 eontra
1144 348 1155 388 ;

140 404 225 448 Sed
247 404 368 447 laxos
390 403 581 447 referunt
603 404 795 447 humeris
817 405 1131 461 languentibus
1155 419 1295 461 arcus,

139 475 517 531 Quadrupecloque
540 480 717 532 putrem
739 490 870 518 cursu
889 475 1035 531 quatit
1052 476 1221 532 ungula
1239 491 1457 533 campum.
1480 474 1566 521 875

137 545 347 588 Volvitur
367 546 424 588 acl
446 560 593 589 muros
617 546 799 603 ealigine
824 546 1022 590 turbidus
1045 552 1141 589 atra

138 616 305 672 Pulvis,
330 621 374 659 et
397 631 419 659 e
443 617 630 673 speculis
652 631 882 674 percussae
906 623 1082 673 pectora
1105 622 1269 661 matres

137 687 399 730 Femineum
422 688 654 731 clamorem
677 689 733 731 ad
756 689 861 731 coeli
884 689 1023 731 sidera
1046 689 1222 733 tollunt.

140 758 225 812 Qui
249 770 378 802 cursu
399 764 548 816 portas
570 760 701 816 primi
721 759 915 816 irrupere
937 765 1156 817 patentes,

139 830 232 873 Hos
255 830 435 874 inimica
458 846 589 888 super
610 832 750 874 mixto
772 832 934 887 premit
957 832 1130 888 agmine
1155 832 1283 875 turba
1302 846 1312 886 ;
1479 833 1571 875 880

138 900 232 943 Nec
255 901 460 944 miseram
480 901 698 958 effugiunt
720 902 920 957 mortem,
946 903 1020 945 secl
1041 903 1190 945 limine
1211 903 1258 945 in
1278 903 1388 959 ipso,

140 971 368 1014 Moenibus
389 972 435 1014 in
457 972 613 1028 patriis
636 978 770 1028 atque
792 973 908 1014 inter
929 978 1032 1015 tuta
1056 973 1286 1015 domorum

140 1043 313 1087 Confixi
334 1043 560 1100 exspirant
582 1044 763 1088 animas.
829 1045 937 1087 Pars
959 1044 1158 1087 claudere
1182 1049 1344 1100 portas,

139 1114 231 1157 Nec
254 1115 380 1157 sociis
402 1115 568 1171 aperire
591 1115 723 1171 viam,
747 1130 826 1158 nec
850 1115 1078 1158 moenibus
1102 1116 1268 1158 audent

140 1185 349 1242 Accipere
372 1191 545 1229 orantes
563 1200 574 1240 ;
608 1186 831 1242 oriturque
853 1185 1094 1229 miserrima
1117 1186 1276 1228 caedes
1481 1185 1569 1228 885

141 1256 469 1300 Defendentum
491 1256 622 1300 armis
644 1257 805 1313 aditus,
830 1257 962 1313 inque
984 1271 1106 1299 arma
1130 1261 1346 1299 ruentum.

140 1327 336 1384 Exclusi,
361 1332 463 1370 ante
486 1328 631 1370 oculos
651 1327 1051 1383 lacrimantumque
1074 1342 1146 1369 ora
1169 1330 1416 1383 parentum,

141 1398 247 1441 Pars
269 1398 316 1440 in
337 1398 598 1456 praecipites
619 1398 754 1440 fossas
776 1403 959 1455 urgente
982 1397 1109 1439 ruina

140 1468 358 1524 Volvitur,
381 1467 587 1512 immissis
608 1484 708 1526 pars
731 1483 856 1511 caeca
879 1474 924 1511 et
947 1468 1118 1510 concita
1138 1468 1270 1511 frenis

141 1538 318 1582 Arietat
340 1539 386 1581 in
408 1544 556 1595 portas
578 1545 623 1581 et
644 1540 773 1581 duros
796 1538 932 1594 objice
953 1543 1111 1594 posteS.
1482 1537 1569 1580 890
1610 1572 1614 1575 .

140 1609 269 1665 Ipsae
291 1609 343 1651 de
365 1609 500 1651 muris
523 1623 692 1652 summo
715 1607 950 1651 certamine
973 1613 1180 1663 matres,-

142 1678 364 1722 Monstrat
386 1694 505 1722 amor
525 1694 654 1722 verus
670 1679 837 1735 patriae
853 1684 936 1721 -ut
959 1678 1103 1721 videre
1129 1678 1380 1733 Camillam,

143 1749 252 1791 Tela
274 1764 411 1792 manu
431 1749 626 1805 trepidae
643 1749 828 1806 jaciunt,
853 1764 902 1792 ac
926 1750 1071 1792 robore
1094 1749 1201 1791 eluro

144 1820 381 1876 Stipitibus
403 1819 567 1862 ferrum
589 1819 856 1875 sudibusque
877 1819 1112 1861 imitantur
1133 1818 1301 1861 obustis

142 1885 427 1946 Praecipites,
450 1889 702 1946 primaeque
723 1889 832 1932 mori
852 1904 930 1946 pro
951 1889 1176 1931 moenibus
1199 1888 1364 1931 ardent.
1480 1886 1568 1930 895

232 1960 408 2002 Interea
431 1960 632 2002 Turnum
652 1960 699 2002 in
720 1959 837 2003 silvis
861 1959 1134 2002 saevissimus
1155 1958 1312 2015 implet

142 2030 354 2086 Nuntius,
379 2036 424 2073 et
440 2030 594 2087 juveni
615 2030 838 2087 ingentem
859 2030 946 2072 fert
968 2029 1090 2072 Acca
1110 2028 1358 2071 tumultum
1379 2041 1390 2071 2

144 2100 326 2143 'Deletas
349 2101 608 2144 Volscorum
629 2101 755 2157 acies,
779 2101 982 2144 cecidisse
1006 2099 1254 2154 Camillam,

143 2172 349 2228 Ingruere
370 2171 559 2213 infensos
579 2171 739 2226 hostes,
765 2176 809 2213 et
832 2170 977 2212 Marte
999 2170 1189 2213 secundo

147 2240 311 2284 Omnia
333 2240 601 2296 corripuisse,
624 2245 798 2282 metum
813 2239 908 2294 jam
930 2240 986 2281 acl
1008 2238 1179 2281 moenia
1198 2238 1310 2281 ferri.
1485 2235 1572 2279 900

145 2312 227 2354 Ille
248 2311 481 2354 furens-et
506 2325 634 2353 saeva
655 2310 686 2353 J
690 2310 779 2352 ovis
801 2309 861 2352 sic
882 2309 1066 2351 numina
1088 2314 1276 2364 poscunt
1290 2333 1310 2340 -

147 2381 322 2423 Deserit
345 2381 535 2423 obsessos
557 2380 698 2434 eolles,
724 2393 898 2421 nemora
920 2393 1074 2434 aspera
1094 2378 1272 2433 linquit.

148 2452 241 2494 Vix
263 2466 286 2494 0
308 2457 546 2507 conspectu
568 2450 734 2493 exierat
757 2463 1049 2505 campumque
1071 2449 1269 2503 tenebat,

148 2522 299 2574 Quum
319 2527 445 2578 pater
465 2520 652 2576 Aeneas,
678 2520 817 2563 saltus
837 2519 1054 2576 ingressus
1077 2523 1265 2575 apertos,

148 2591 486 2648 Exsuperatque
501 2591 661 2648 jugum
683 2591 878 2647 silvaque
901 2590 1048 2633 evadit
1071 2603 1220 2646 opaca.
1487 2587 1574 2632 905

469 2658 542 2698 12⁵
