1731 2923
575 157 806 188 AENEIDOS
837 157 924 189 ΜΒ.
959 158 1002 189 v.
1447 147 1503 190 95

74 265 103 288 “
123 265 387 311 Sufficimus.
453 265 641 322 Superat
663 264 871 321 quoniam
893 265 1108 321 Fortuna,
1135 279 1382 321 sequamur,

74 337 102 359 ‘⁶
121 338 305 394 Quoque
326 342 468 394 vocat,
491 343 714 381 vertamus
735 339 830 382 iter.
895 338 988 381 Nec
1011 339 1139 382 litora
1161 339 1289 395 longe

74 409 101 429 “
119 410 233 452 Fida
255 424 347 453 reor
366 410 556 452 fraterna
577 410 729 466 Erycis
750 415 990 467 portusque
1016 411 1207 466 Sicanos,

74 480 100 501 “
121 481 167 524 Si
188 482 315 524 modo
338 482 605 524 riteimemor
627 487 796 524 servata
818 482 1019 524 remetior
1040 483 1200 524 astra.⁷’
1445 483 1502 525 25

72 552 188 594 Tum
210 552 310 609 pius
331 552 504 595 Aeneas
525 567 535 607 ;
573 552 600 573 ‘⁴
618 552 838 608 Equidem
863 552 922 595 sic
944 567 1117 609 poscere
1141 558 1292 595 ventos

73 623 100 643 ‘⁴
117 623 394 666 jamdudum
417 628 461 666 et
483 624 644 666 frustra
667 638 792 666 cerno
814 630 859 666 te
882 625 1059 667 tendere
1083 629 1260 667 contra:

73 692 100 713 ‘⁶
118 694 271 736 Flecte
293 694 412 736 viam
433 694 551 737 velis.
616 694 691 736 An
713 694 771 737 sit
795 693 904 736 mihi
925 695 1091 751 gratior
1112 695 1217 750 ulla,

73 764 100 784 ‘⁶
118 765 265 818 Quove
287 765 426 822 magis
447 765 582 808 fessas
604 770 755 821 optem
777 765 1008 808 demittere
1031 780 1178 820 naves,

72 835 99 855 ‘⁴
119 835 263 888 Quam
284 850 397 891 quae
422 835 701 878 Dardanium
724 836 855 878 tellus
878 836 983 878 mihi
1009 841 1154 878 servat
1177 835 1387 890 Acesten,
1444 835 1501 877 30

72 904 99 925 ‘⁴
117 905 179 948 Et
197 906 339 964 patris
361 906 580 948 Anchisae
602 906 762 962 gremio
787 906 1096 962 complectitur
1117 921 1213 948 ossa
1236 907 1256 948 P
1275 907 1299 923 '’

71 976 192 1019 Haec
214 976 291 1018 ubi
313 976 433 1019 dicta
449 991 459 1031 ;
494 982 656 1033 petunt
678 982 845 1033 portus,
870 982 915 1019 et
936 976 1034 1018 vela
1057 977 1238 1019 secundi

70 1039 317 1089 Intendunt
339 1046 555 1104 Zephyri:
590 1047 728 1089 fertur
750 1047 840 1090 cita
861 1047 1036 1104 gurgite
1059 1046 1221 1102 classis,

69 1116 130 1160 Et
152 1119 333 1161 tandem
353 1118 461 1161 laeti
482 1119 929 1161 notae-advertuntur
951 1132 1119 1162 arenae.

159 1190 225 1232 At
248 1191 399 1246 procul
421 1191 590 1234 excelso
613 1190 798 1233 miratus
820 1190 982 1233 vertice
1006 1189 1170 1232 montis
1444 1189 1500 1232 35

72 1260 327 1303 Adventum
352 1261 574 1316 sociasque
599 1265 726 1316 rates,
751 1260 937 1303 occurrit
961 1260 1157 1315 Acestes,

72 1330 283 1374 Horridus
300 1331 347 1373 in
363 1331 521 1387 jaculis
544 1336 587 1373 et
609 1331 721 1387 pelle
744 1330 984 1386 Libystidis
1006 1344 1146 1385 ursae,

71 1401 203 1445 Troia
226 1402 411 1446 Crimiso
434 1408 696 1459 conceptum
716 1401 897 1444 flumine
919 1407 1062 1444 mater

72 1473 212 1526 Quem
234 1473 398 1530 genuit.
463 1473 680 1516 Veterum
701 1488 787 1516 non
808 1473 1039 1515 immemor
1060 1472 1134 1515 ille
1158 1476 1408 1529 parentum,

71 1544 286 1587 Gratatur
306 1545 482 1587 reduces
506 1550 550 1587 et
572 1560 680 1601 gaza
700 1545 844 1587 laetus
866 1543 1028 1600 agresti
1441 1541 1500 1583 40

69 1615 265 1671 Excipit,
290 1630 339 1657 ac
360 1616 491 1658 fessos
514 1615 669 1671 opibus
692 1615 858 1658 solatur
879 1613 1041 1656 amicis.
1445 1607 1451 1612 ’

69 1686 252 1728 Postera
274 1700 413 1742 quum
435 1686 574 1742 primo
597 1686 745 1728 stellas
769 1685 947 1729 Oriente
968 1684 1145 1740 fugarat

70 1757 199 1801 Clara
220 1758 311 1800 dies
330 1772 341 1812 3
377 1757 511 1800 socios
532 1757 578 1799 in
600 1761 774 1799 coetum
795 1756 921 1798 litore
943 1755 998 1797 ab
1020 1753 1140 1797 omni

68 1828 270 1872 Advocat
292 1829 464 1871 Aeneas
485 1827 737 1883 tumulique
760 1841 816 1869 ex
837 1840 991 1883 aggere
1011 1825 1132 1867 fatur
1153 1837 1163 1868 :

71 1900 97 1920 ‘⁶
117 1899 396 1942 Dardanidae
419 1899 582 1956 magni,
606 1912 742 1955 genus
765 1897 855 1940 alto
878 1911 903 1939 a
925 1894 1138 1952 sanguine
1163 1893 1330 1948 divum,
1439 1890 1498 1935 45

70 1969 97 1990 “
115 1970 306 2012 Annuus
327 1969 492 2012 exactis
514 1969 758 2025 completur
778 1967 1001 2010 mensibus
1024 1965 1150 2020 orbis,

70 2039 97 2060 ‘⁴
115 2039 188 2082 Ex
208 2054 294 2096 quo
316 2039 520 2096 reliquias
541 2039 764 2095 divinique
787 2053 884 2082 ossa
905 2036 1101 2094 parentis

71 2110 99 2131 ‘⁴
117 2111 401 2154 Condidimus
423 2116 540 2153 terra
560 2116 838 2166 maestasque
862 2107 1130 2152 sacravimus
1152 2120 1265 2161 aras,

71 2181 100 2202 “
117 2181 310 2236 Jamque
332 2180 437 2236 dies,
460 2181 545 2223 nisi
563 2181 702 2234 fallor,
727 2181 864 2234 adest,
889 2193 1021 2234 quem
1043 2191 1209 2232 semper
1233 2175 1453 2228 acerbum,

71 2253 98 2273 ‘⁴
116 2253 295 2308 Semper
314 2251 659 2293 honoratum-sic
683 2251 727 2292 di
748 2248 1151 2292 voluistis-habebo.
1439 2244 1496 2287 50

71 2322 98 2343 ‘⁶
114 2322 247 2364 Hunc
271 2336 348 2378 ego
373 2320 575 2364 Gaetulis
597 2334 771 2376 agerem
793 2319 830 2362 si
854 2318 1056 2373 Syrtibus
1078 2315 1216 2369 exsul,

70 2394 96 2414 ‘⁶
116 2394 370 2450 Argolicove
393 2391 504 2434 mari
527 2392 762 2447 deprensus
784 2394 829 2432 et
851 2389 956 2430 urbe
979 2387 1188 2442 Mycenae
1208 2398 1219 2439 3

71 2464 280 2506 “Annua
301 2468 403 2505 vota
425 2468 574 2505 tamen
597 2461 895 2515 solemnesque
918 2457 1066 2500 ordine
1088 2469 1272 2512 pompas

72 2534 99 2555 ‘⁶
115 2535 400 2590 Exsequerer,
425 2539 724 2587 strueremque
747 2529 836 2573 suis
858 2528 1014 2571 altaria
1036 2525 1172 2570 donis.

73 2604 100 2626 “
118 2605 250 2648 Nunc
272 2605 388 2647 ultro
411 2604 467 2646 ad
489 2603 651 2647 cineres
673 2601 811 2659 ipsius
833 2605 877 2643 et
899 2613 994 2642 ossa
1015 2595 1224 2655 parentis,
1438 2594 1495 2638 55
