<?xml version="1.0" encoding="UTF-8"?>
<!DOCTYPE html PUBLIC "-//W3C//DTD XHTML 1.0 Transitional//EN"
    "http://www.w3.org/TR/xhtml1/DTD/xhtml1-transitional.dtd">
<html xmlns="http://www.w3.org/1999/xhtml" xml:lang="en" lang="en">
 <head>
  <title>
</title>
<meta http-equiv="Content-Type" content="text/html;charset=utf-8" />
  <meta name='ocr-system' content='tesseract 3.04.00' />
  <meta name='ocr-capabilities' content='ocr_page ocr_carea ocr_par ocr_line ocrx_word'/>
</head>
<body>
  <div class='ocr_page' id='page_1' title='image "aeneidfri00virguoft_0199.png"; bbox 0 0 1741 2902; ppageno 0'>
   <div class='ocr_carea' id='block_1_1' title="bbox 636 134 1600 180">
    <p class='ocr_par' dir='ltr' id='par_1_1' title="bbox 636 134 1600 180">
     <span class='ocr_line' id='line_1_1' title="bbox 636 134 1600 180; baseline 0.01 -12"><span class='ocrx_word' id='word_1_1' title='bbox 636 139 866 170; x_wconf 77' lang='lat' dir='ltr'><strong>AENEIDos</strong></span> <span class='ocrx_word' id='word_1_2' title='bbox 898 141 983 171; x_wconf 86' lang='lat' dir='ltr'><strong>LIB.</strong></span> <span class='ocrx_word' id='word_1_3' title='bbox 1020 142 1118 173; x_wconf 82' lang='lat' dir='ltr'><strong>vm.</strong></span> <span class='ocrx_word' id='word_1_4' title='bbox 1515 134 1600 180; x_wconf 83' lang='lat'><strong>173</strong></span> 
     </span>
    </p>
   </div>
   <div class='ocr_carea' id='block_1_2' title="bbox 165 245 1601 2636">
    <p class='ocr_par' dir='ltr' id='par_1_2' title="bbox 176 245 1322 302">
     <span class='ocr_line' id='line_1_2' title="bbox 176 245 1322 302; baseline 0.004 -13"><span class='ocrx_word' id='word_1_5' title='bbox 176 245 302 290; x_wconf 84' lang='lat' dir='ltr'><strong>Sicut</strong></span> <span class='ocrx_word' id='word_1_6' title='bbox 324 259 463 302; x_wconf 87' lang='lat' dir='ltr'><strong>aquae</strong></span> <span class='ocrx_word' id='word_1_7' title='bbox 484 246 726 289; x_wconf 88' lang='lat' dir='ltr'><strong>tremulum</strong></span> <span class='ocrx_word' id='word_1_8' title='bbox 748 247 880 290; x_wconf 84' lang='lat' dir='ltr'><strong>labris</strong></span> <span class='ocrx_word' id='word_1_9' title='bbox 902 248 978 291; x_wconf 89' lang='lat' dir='ltr'><strong>ubi</strong></span> <span class='ocrx_word' id='word_1_10' title='bbox 999 249 1151 292; x_wconf 90' lang='lat' dir='ltr'><strong>lumen</strong></span> <span class='ocrx_word' id='word_1_11' title='bbox 1171 248 1322 294; x_wconf 79' lang='lat' dir='ltr'><strong>ahenis</strong></span> 
     </span>
    </p>

    <p class='ocr_par' dir='ltr' id='par_1_3' title="bbox 175 315 1348 377">
     <span class='ocr_line' id='line_1_3' title="bbox 175 315 1348 377; baseline 0.005 -19"><span class='ocrx_word' id='word_1_12' title='bbox 175 315 271 359; x_wconf 82' lang='lat' dir='ltr'><strong>Sole</strong></span> <span class='ocrx_word' id='word_1_13' title='bbox 293 330 606 373; x_wconf 83' lang='lat' dir='ltr'><strong>repercussum,</strong></span> <span class='ocrx_word' id='word_1_14' title='bbox 631 322 710 359; x_wconf 88' lang='lat' dir='ltr'><strong>aut</strong></span> <span class='ocrx_word' id='word_1_15' title='bbox 732 318 946 361; x_wconf 84' lang='lat' dir='ltr'><strong>radiantis</strong></span> <span class='ocrx_word' id='word_1_16' title='bbox 967 319 1156 376; x_wconf 74' lang='lat' dir='ltr'><strong>imagine</strong></span> <span class='ocrx_word' id='word_1_17' title='bbox 1180 321 1348 377; x_wconf 77' lang='lat' dir='ltr'><strong>Lunae,</strong></span> 
     </span>
    </p>

    <p class='ocr_par' dir='ltr' id='par_1_4' title="bbox 173 386 1286 445">
     <span class='ocr_line' id='line_1_4' title="bbox 173 386 1286 445; baseline 0.006 -17"><span class='ocrx_word' id='word_1_18' title='bbox 173 386 332 429; x_wconf 89' lang='lat' dir='ltr'><strong>Omnia</strong></span> <span class='ocrx_word' id='word_1_19' title='bbox 354 387 589 443; x_wconf 75' lang='lat' dir='ltr'>pervolitat</span> <span class='ocrx_word' id='word_1_20' title='bbox 612 388 703 430; x_wconf 83' lang='lat' dir='ltr'><strong>late</strong></span> <span class='ocrx_word' id='word_1_21' title='bbox 726 388 831 443; x_wconf 79' lang='lat' dir='ltr'><strong>loca,</strong></span> <span class='ocrx_word' id='word_1_22' title='bbox 851 389 1032 445; x_wconf 87' lang='lat' dir='ltr'><strong>jamque</strong></span> <span class='ocrx_word' id='word_1_23' title='bbox 1057 391 1137 433; x_wconf 86' lang='lat' dir='ltr'><strong>sub</strong></span> <span class='ocrx_word' id='word_1_24' title='bbox 1160 406 1286 435; x_wconf 85' lang='lat' dir='ltr'><strong>auras</strong></span> 
     </span>
    </p>

    <p class='ocr_par' dir='ltr' id='par_1_5' title="bbox 172 456 1601 587">
     <span class='ocr_line' id='line_1_5' title="bbox 172 456 1601 516; baseline 0.008 -18"><span class='ocrx_word' id='word_1_25' title='bbox 172 456 370 513; x_wconf 82' lang='lat' dir='ltr'><strong>Erigitur</strong></span> <span class='ocrx_word' id='word_1_26' title='bbox 392 458 640 514; x_wconf 76' lang='lat' dir='ltr'><strong>summique</strong></span> <span class='ocrx_word' id='word_1_27' title='bbox 661 459 762 502; x_wconf 87' lang='lat' dir='ltr'><strong>ferit</strong></span> <span class='ocrx_word' id='word_1_28' title='bbox 785 460 1006 516; x_wconf 75' lang='lat' dir='ltr'>laquearia</span> <span class='ocrx_word' id='word_1_29' title='bbox 1030 461 1149 504; x_wconf 85' lang='lat' dir='ltr'><strong>tecti.</strong></span> <span class='ocrx_word' id='word_1_30' title='bbox 1545 467 1601 510; x_wconf 78' lang='lat'><strong>25</strong></span> 
     </span>
     <span class='ocr_line' id='line_1_6' title="bbox 172 526 1271 587; baseline 0.006 -19"><span class='ocrx_word' id='word_1_31' title='bbox 172 526 274 569; x_wconf 75' lang='lat' dir='ltr'><strong>Nox</strong></span> <span class='ocrx_word' id='word_1_32' title='bbox 297 533 406 583; x_wconf 86' lang='lat' dir='ltr'><strong>erat,</strong></span> <span class='ocrx_word' id='word_1_33' title='bbox 431 533 475 570; x_wconf 85' lang='lat' dir='ltr'><strong>et</strong></span> <span class='ocrx_word' id='word_1_34' title='bbox 498 534 633 572; x_wconf 84' lang='lat' dir='ltr'><strong>terras</strong></span> <span class='ocrx_word' id='word_1_35' title='bbox 656 530 865 573; x_wconf 85' lang='lat' dir='ltr'><strong>animalia</strong></span> <span class='ocrx_word' id='word_1_36' title='bbox 886 531 999 574; x_wconf 86' lang='lat' dir='ltr'><strong>fessa</strong></span> <span class='ocrx_word' id='word_1_37' title='bbox 1022 547 1099 587; x_wconf 87' lang='lat' dir='ltr'><strong>per</strong></span> <span class='ocrx_word' id='word_1_38' title='bbox 1121 547 1271 576; x_wconf 86' lang='lat' dir='ltr'><strong>omnes</strong></span> 
     </span>
    </p>

    <p class='ocr_par' dir='ltr' id='par_1_6' title="bbox 172 597 1393 658">
     <span class='ocr_line' id='line_1_7' title="bbox 172 597 1393 658; baseline 0.007 -20"><span class='ocrx_word' id='word_1_39' title='bbox 172 597 379 640; x_wconf 82' lang='lat' dir='ltr'><strong>Alituum</strong></span> <span class='ocrx_word' id='word_1_40' title='bbox 402 600 706 655; x_wconf 79' lang='lat' dir='ltr'><strong>pecudumque</strong></span> <span class='ocrx_word' id='word_1_41' title='bbox 727 616 864 657; x_wconf 80' lang='lat' dir='ltr'><strong>genus</strong></span> <span class='ocrx_word' id='word_1_42' title='bbox 887 617 1011 658; x_wconf 87' lang='lat' dir='ltr'><strong>sopor</strong></span> <span class='ocrx_word' id='word_1_43' title='bbox 1032 603 1149 646; x_wconf 83' lang='lat' dir='ltr'><strong>altus</strong></span> <span class='ocrx_word' id='word_1_44' title='bbox 1171 603 1364 646; x_wconf 82' lang='lat' dir='ltr'><strong>habebat</strong></span> <span class='ocrx_word' id='word_1_45' title='bbox 1384 621 1393 648; x_wconf 94' lang='grc'><strong>.·</strong></span> 
     </span>
    </p>

    <p class='ocr_par' dir='ltr' id='par_1_7' title="bbox 172 668 1308 727">
     <span class='ocr_line' id='line_1_8' title="bbox 172 668 1308 727; baseline 0.008 -19"><span class='ocrx_word' id='word_1_46' title='bbox 172 668 319 720; x_wconf 74' lang='lat' dir='ltr'><strong>Quum</strong></span> <span class='ocrx_word' id='word_1_47' title='bbox 342 675 470 724; x_wconf 83' lang='lat' dir='ltr'><strong>pater</strong></span> <span class='ocrx_word' id='word_1_48' title='bbox 490 670 537 711; x_wconf 93' lang='lat' dir='ltr'><strong>in</strong></span> <span class='ocrx_word' id='word_1_49' title='bbox 559 669 651 726; x_wconf 84' lang='lat' dir='ltr'><strong>ripa</strong></span> <span class='ocrx_word' id='word_1_50' title='bbox 674 671 890 727; x_wconf 77' lang='lat' dir='ltr'><strong>gelidique</strong></span> <span class='ocrx_word' id='word_1_51' title='bbox 914 674 994 715; x_wconf 91' lang='lat' dir='ltr'><strong>sub</strong></span> <span class='ocrx_word' id='word_1_52' title='bbox 1018 674 1205 717; x_wconf 85' lang='lat' dir='ltr'><strong>aetheris</strong></span> <span class='ocrx_word' id='word_1_53' title='bbox 1227 688 1308 716; x_wconf 76' lang='lat' dir='ltr'><strong>axe</strong></span> 
     </span>
    </p>

    <p class='ocr_par' dir='ltr' id='par_1_8' title="bbox 171 738 1076 799">
     <span class='ocr_line' id='line_1_9' title="bbox 171 738 1076 799; baseline 0.008 -20"><span class='ocrx_word' id='word_1_54' title='bbox 171 738 358 794; x_wconf 79' lang='lat' dir='ltr'><strong>Aeneas,</strong></span> <span class='ocrx_word' id='word_1_55' title='bbox 383 739 500 782; x_wconf 87' lang='lat' dir='ltr'><strong>tristi</strong></span> <span class='ocrx_word' id='word_1_56' title='bbox 521 741 728 783; x_wconf 86' lang='lat' dir='ltr'><strong>turbatus</strong></span> <span class='ocrx_word' id='word_1_57' title='bbox 750 748 927 797; x_wconf 84' lang='lat' dir='ltr'><strong>pectora</strong></span> <span class='ocrx_word' id='word_1_58' title='bbox 949 744 1076 799; x_wconf 75' lang='lat' dir='ltr'><strong>bello,</strong></span> 
     </span>
    </p>

    <p class='ocr_par' dir='ltr' id='par_1_9' title="bbox 171 808 1599 936">
     <span class='ocr_line' id='line_1_10' title="bbox 171 808 1599 871; baseline 0.006 -21"><span class='ocrx_word' id='word_1_59' title='bbox 171 808 411 852; x_wconf 88' lang='lat' dir='ltr'><strong>Procubuit</strong></span> <span class='ocrx_word' id='word_1_60' title='bbox 434 825 659 866; x_wconf 89' lang='lat' dir='ltr'><strong>seramque</strong></span> <span class='ocrx_word' id='word_1_61' title='bbox 683 812 806 854; x_wconf 87' lang='lat' dir='ltr'><strong>dedit</strong></span> <span class='ocrx_word' id='word_1_62' title='bbox 828 827 906 868; x_wconf 83' lang='lat' dir='ltr'><strong>per</strong></span> <span class='ocrx_word' id='word_1_63' title='bbox 927 815 1126 857; x_wconf 89' lang='lat' dir='ltr'><strong>membra</strong></span> <span class='ocrx_word' id='word_1_64' title='bbox 1149 816 1356 871; x_wconf 87' lang='lat' dir='ltr'><strong>quietem.</strong></span> <span class='ocrx_word' id='word_1_65' title='bbox 1541 817 1599 859; x_wconf 90' lang='lat'><strong>30</strong></span> 
     </span>
     <span class='ocr_line' id='line_1_11' title="bbox 171 877 1245 936; baseline 0.008 -16"><span class='ocrx_word' id='word_1_66' title='bbox 171 877 287 921; x_wconf 84' lang='lat' dir='ltr'><strong>Huic</strong></span> <span class='ocrx_word' id='word_1_67' title='bbox 311 879 416 922; x_wconf 90' lang='lat' dir='ltr'><strong>deus</strong></span> <span class='ocrx_word' id='word_1_68' title='bbox 437 880 528 936; x_wconf 86' lang='lat' dir='ltr'><strong>ipse</strong></span> <span class='ocrx_word' id='word_1_69' title='bbox 549 881 632 923; x_wconf 86' lang='lat' dir='ltr'><strong>loci</strong></span> <span class='ocrx_word' id='word_1_70' title='bbox 653 881 786 924; x_wconf 86' lang='lat' dir='ltr'><strong>fluvio</strong></span> <span class='ocrx_word' id='word_1_71' title='bbox 810 883 1040 927; x_wconf 80' lang='lat' dir='ltr'><strong>Tiberinus</strong></span> <span class='ocrx_word' id='word_1_72' title='bbox 1063 900 1245 929; x_wconf 87' lang='lat' dir='ltr'><strong>amoeno</strong></span> 
     </span>
    </p>

    <p class='ocr_par' dir='ltr' id='par_1_10' title="bbox 169 948 1158 1004">
     <span class='ocr_line' id='line_1_12' title="bbox 169 948 1158 1004; baseline 0.008 -14"><span class='ocrx_word' id='word_1_73' title='bbox 169 948 385 1004; x_wconf 84' lang='lat' dir='ltr'><strong>Populeas</strong></span> <span class='ocrx_word' id='word_1_74' title='bbox 408 949 523 991; x_wconf 86' lang='lat' dir='ltr'><strong>inter</strong></span> <span class='ocrx_word' id='word_1_75' title='bbox 545 950 683 992; x_wconf 81' lang='lat' dir='ltr'><strong>senior</strong></span> <span class='ocrx_word' id='word_1_76' title='bbox 704 965 747 993; x_wconf 91' lang='lat' dir='ltr'><strong>se</strong></span> <span class='ocrx_word' id='word_1_77' title='bbox 771 953 967 995; x_wconf 75' lang='lat' dir='ltr'>attollere</span> <span class='ocrx_word' id='word_1_78' title='bbox 989 955 1158 998; x_wconf 88' lang='lat' dir='ltr'><strong>frondes</strong></span> 
     </span>
    </p>

    <p class='ocr_par' dir='ltr' id='par_1_11' title="bbox 169 1018 1158 1076">
     <span class='ocr_line' id='line_1_13' title="bbox 169 1018 1158 1076; baseline 0.007 -16"><span class='ocrx_word' id='word_1_79' title='bbox 169 1018 425 1062; x_wconf 88' lang='lat' dir='ltr'><strong>Visus-eum</strong></span> <span class='ocrx_word' id='word_1_80' title='bbox 448 1019 594 1062; x_wconf 90' lang='lat' dir='ltr'><strong>tenuis</strong></span> <span class='ocrx_word' id='word_1_81' title='bbox 617 1021 770 1076; x_wconf 83' lang='lat' dir='ltr'><strong>glauco</strong></span> <span class='ocrx_word' id='word_1_82' title='bbox 792 1023 969 1066; x_wconf 86' lang='lat' dir='ltr'><strong>velabat</strong></span> <span class='ocrx_word' id='word_1_83' title='bbox 991 1025 1158 1067; x_wconf 86' lang='lat' dir='ltr'><strong>amictu</strong></span> 
     </span>
    </p>

    <p class='ocr_par' dir='ltr' id='par_1_12' title="bbox 170 1088 1282 1154">
     <span class='ocr_line' id='line_1_14' title="bbox 170 1088 1282 1154; baseline 0.01 -24"><span class='ocrx_word' id='word_1_84' title='bbox 170 1088 401 1145; x_wconf 81' lang='lat' dir='ltr'><strong>Carbasus,</strong></span> <span class='ocrx_word' id='word_1_85' title='bbox 426 1095 470 1132; x_wconf 89' lang='lat' dir='ltr'><strong>et</strong></span> <span class='ocrx_word' id='word_1_86' title='bbox 494 1091 631 1133; x_wconf 87' lang='lat' dir='ltr'><strong>crines</strong></span> <span class='ocrx_word' id='word_1_87' title='bbox 652 1093 855 1136; x_wconf 82' lang='lat' dir='ltr'><strong>umbrosa</strong></span> <span class='ocrx_word' id='word_1_88' title='bbox 876 1095 1058 1151; x_wconf 85' lang='lat' dir='ltr'><strong>tegebat</strong></span> <span class='ocrx_word' id='word_1_89' title='bbox 1080 1098 1282 1154; x_wconf 84' lang='lat' dir='ltr'><strong>arundo-‚</strong></span> 
     </span>
    </p>

    <p class='ocr_par' dir='ltr' id='par_1_13' title="bbox 168 1160 1598 1292">
     <span class='ocr_line' id='line_1_15' title="bbox 168 1160 1598 1217; baseline 0.01 -15"><span class='ocrx_word' id='word_1_90' title='bbox 168 1160 285 1203; x_wconf 84' lang='lat' dir='ltr'><strong>Tum</strong></span> <span class='ocrx_word' id='word_1_91' title='bbox 308 1162 366 1204; x_wconf 90' lang='lat' dir='ltr'><strong>sic</strong></span> <span class='ocrx_word' id='word_1_92' title='bbox 390 1161 513 1205; x_wconf 86' lang='lat' dir='ltr'><strong>affari</strong></span> <span class='ocrx_word' id='word_1_93' title='bbox 535 1168 578 1205; x_wconf 86' lang='lat' dir='ltr'><strong>et</strong></span> <span class='ocrx_word' id='word_1_94' title='bbox 603 1178 726 1206; x_wconf 82' lang='lat' dir='ltr'><strong>curas</strong></span> <span class='ocrx_word' id='word_1_95' title='bbox 748 1164 815 1207; x_wconf 86' lang='lat' dir='ltr'><strong>his</strong></span> <span class='ocrx_word' id='word_1_96' title='bbox 837 1166 1010 1209; x_wconf 81' lang='lat' dir='ltr'><strong>demere</strong></span> <span class='ocrx_word' id='word_1_97' title='bbox 1033 1168 1188 1213; x_wconf 89' lang='lat' dir='ltr'><strong>dictis:</strong></span> <span class='ocrx_word' id='word_1_98' title='bbox 1540 1173 1598 1217; x_wconf 84' lang='lat'><strong>35</strong></span> 
     </span>
     <span class='ocr_line' id='line_1_16' title="bbox 169 1231 1426 1292; baseline 0.008 -17"><span class='ocrx_word' id='word_1_99' title='bbox 169 1231 196 1252; x_wconf 71' lang='lat'><strong>‘⁶</strong></span> <span class='ocrx_word' id='word_1_100' title='bbox 213 1232 250 1276; x_wconf 90' lang='lat' dir='ltr'>O</span> <span class='ocrx_word' id='word_1_101' title='bbox 276 1238 368 1275; x_wconf 88' lang='lat' dir='ltr'><strong>sate</strong></span> <span class='ocrx_word' id='word_1_102' title='bbox 389 1239 520 1289; x_wconf 81' lang='lat' dir='ltr'><strong>gente</strong></span> <span class='ocrx_word' id='word_1_103' title='bbox 543 1234 689 1291; x_wconf 81' lang='lat' dir='ltr'><strong>deum,</strong></span> <span class='ocrx_word' id='word_1_104' title='bbox 716 1235 951 1292; x_wconf 83' lang='lat' dir='ltr'><strong>Trojanam</strong></span> <span class='ocrx_word' id='word_1_105' title='bbox 974 1253 1027 1281; x_wconf 75' lang='lat' dir='ltr'><strong>ex</strong></span> <span class='ocrx_word' id='word_1_106' title='bbox 1050 1239 1250 1284; x_wconf 76' lang='lat' dir='ltr'><strong>hostibus</strong></span> <span class='ocrx_word' id='word_1_107' title='bbox 1272 1242 1426 1285; x_wconf 87' lang='lat' dir='ltr'><strong>urbem</strong></span> 
     </span>
    </p>

    <p class='ocr_par' dir='ltr' id='par_1_14' title="bbox 168 1302 1354 1438">
     <span class='ocr_line' id='line_1_17' title="bbox 169 1302 1354 1369; baseline 0.009 -25"><span class='ocrx_word' id='word_1_108' title='bbox 169 1302 194 1323; x_wconf 88' lang='lat'><strong><em>“</em></strong></span> <span class='ocrx_word' id='word_1_109' title='bbox 215 1303 301 1356; x_wconf 79' lang='lat' dir='ltr'><strong>Qui</strong></span> <span class='ocrx_word' id='word_1_110' title='bbox 322 1304 485 1347; x_wconf 77' lang='lat' dir='ltr'><strong>revehis</strong></span> <span class='ocrx_word' id='word_1_111' title='bbox 500 1306 643 1361; x_wconf 82' lang='lat' dir='ltr'><strong>nobis,</strong></span> <span class='ocrx_word' id='word_1_112' title='bbox 669 1313 932 1364; x_wconf 88' lang='lat' dir='ltr'><strong>aeternaque</strong></span> <span class='ocrx_word' id='word_1_113' title='bbox 956 1310 1172 1367; x_wconf 80' lang='lat' dir='ltr'><strong>Pergama</strong></span> <span class='ocrx_word' id='word_1_114' title='bbox 1196 1327 1354 1369; x_wconf 74' lang='lat' dir='ltr'><strong>servas,</strong></span> 
     </span>
     <span class='ocr_line' id='line_1_18' title="bbox 168 1373 1263 1438; baseline 0.009 -23"><span class='ocrx_word' id='word_1_115' title='bbox 168 1373 480 1431; x_wconf 76' lang='lat' dir='ltr'><strong>“Exspectate</strong></span> <span class='ocrx_word' id='word_1_116' title='bbox 504 1376 592 1418; x_wconf 88' lang='lat' dir='ltr'><strong>solo</strong></span> <span class='ocrx_word' id='word_1_117' title='bbox 614 1376 829 1420; x_wconf 79' lang='lat' dir='ltr'><strong>Laurenti</strong></span> <span class='ocrx_word' id='word_1_118' title='bbox 851 1379 1050 1435; x_wconf 81' lang='lat' dir='ltr'><strong>arvisque</strong></span> <span class='ocrx_word' id='word_1_119' title='bbox 1073 1381 1263 1438; x_wconf 83' lang='lat' dir='ltr'><strong>Latinis,</strong></span> 
     </span>
    </p>

    <p class='ocr_par' dir='ltr' id='par_1_15' title="bbox 168 1444 1394 1510">
     <span class='ocr_line' id='line_1_19' title="bbox 168 1444 1394 1510; baseline 0.01 -25"><span class='ocrx_word' id='word_1_120' title='bbox 168 1444 196 1465; x_wconf 67' lang='lat'><strong>‘⁶</strong></span> <span class='ocrx_word' id='word_1_121' title='bbox 215 1444 299 1486; x_wconf 89' lang='lat' dir='ltr'><strong>Hic</strong></span> <span class='ocrx_word' id='word_1_122' title='bbox 323 1445 404 1487; x_wconf 88' lang='lat' dir='ltr'><strong>tibi</strong></span> <span class='ocrx_word' id='word_1_123' title='bbox 426 1451 548 1488; x_wconf 87' lang='lat' dir='ltr'><strong>certa</strong></span> <span class='ocrx_word' id='word_1_124' title='bbox 570 1447 737 1503; x_wconf 81' lang='lat' dir='ltr'><strong>domus,</strong></span> <span class='ocrx_word' id='word_1_125' title='bbox 761 1449 882 1505; x_wconf 84' lang='lat' dir='ltr'><strong>certi,</strong></span> <span class='ocrx_word' id='word_1_126' title='bbox 908 1464 962 1491; x_wconf 93' lang='lat' dir='ltr'><strong>ne</strong></span> <span class='ocrx_word' id='word_1_127' title='bbox 984 1451 1162 1508; x_wconf 77' lang='lat' dir='ltr'><strong>absiste,</strong></span> <span class='ocrx_word' id='word_1_128' title='bbox 1188 1453 1394 1510; x_wconf 75' lang='lat' dir='ltr'><strong>Penates,</strong></span> 
     </span>
    </p>

    <p class='ocr_par' dir='ltr' id='par_1_16' title="bbox 167 1514 1594 1642">
     <span class='ocr_line' id='line_1_20' title="bbox 168 1514 1594 1568; baseline 0.01 -13"><span class='ocrx_word' id='word_1_129' title='bbox 168 1514 195 1534; x_wconf 72' lang='lat'><strong>‘⁶</strong></span> <span class='ocrx_word' id='word_1_130' title='bbox 213 1514 315 1556; x_wconf 88' lang='lat' dir='ltr'><strong>Neu</strong></span> <span class='ocrx_word' id='word_1_131' title='bbox 336 1515 443 1558; x_wconf 91' lang='lat' dir='ltr'><strong>belli</strong></span> <span class='ocrx_word' id='word_1_132' title='bbox 465 1521 622 1559; x_wconf 85' lang='lat' dir='ltr'><strong>terrere</strong></span> <span class='ocrx_word' id='word_1_133' title='bbox 643 1518 772 1561; x_wconf 88' lang='lat' dir='ltr'><strong>minis</strong></span> <span class='ocrx_word' id='word_1_134' title='bbox 790 1533 798 1562; x_wconf 92' lang='lat'><strong>:</strong></span> <span class='ocrx_word' id='word_1_135' title='bbox 835 1525 982 1563; x_wconf 86' lang='lat' dir='ltr'><strong>tumor</strong></span> <span class='ocrx_word' id='word_1_136' title='bbox 1004 1523 1144 1565; x_wconf 89' lang='lat' dir='ltr'><strong>omnis</strong></span> <span class='ocrx_word' id='word_1_137' title='bbox 1167 1528 1212 1566; x_wconf 90' lang='lat' dir='ltr'><strong>et</strong></span> <span class='ocrx_word' id='word_1_138' title='bbox 1234 1524 1323 1566; x_wconf 90' lang='lat' dir='ltr'><strong>irae</strong></span> <span class='ocrx_word' id='word_1_139' title='bbox 1536 1525 1594 1568; x_wconf 84' lang='lat'><strong>40</strong></span> 
     </span>
     <span class='ocr_line' id='line_1_21' title="bbox 167 1583 649 1642; baseline 0.004 -15"><span class='ocrx_word' id='word_1_140' title='bbox 167 1583 195 1605; x_wconf 65' lang='lat'><strong>‘⁶</strong></span> <span class='ocrx_word' id='word_1_141' title='bbox 211 1585 467 1628; x_wconf 80' lang='lat' dir='ltr'><strong>Concessere</strong></span> <span class='ocrx_word' id='word_1_142' title='bbox 489 1587 622 1629; x_wconf 80' lang='lat' dir='ltr'><strong>deum</strong></span> <span class='ocrx_word' id='word_1_143' title='bbox 638 1602 649 1642; x_wconf 85' lang='lat'>;</span> 
     </span>
    </p>

    <p class='ocr_par' dir='ltr' id='par_1_17' title="bbox 167 1653 1443 1721">
     <span class='ocr_line' id='line_1_22' title="bbox 167 1653 1443 1721; baseline 0.009 -25"><span class='ocrx_word' id='word_1_144' title='bbox 167 1653 197 1676; x_wconf 73' lang='lat'><strong>‘⁸‘</strong></span> <span class='ocrx_word' id='word_1_145' title='bbox 213 1654 406 1711; x_wconf 81' lang='lat' dir='ltr'><strong>Jamque</strong></span> <span class='ocrx_word' id='word_1_146' title='bbox 429 1656 524 1711; x_wconf 82' lang='lat' dir='ltr'><strong>tibi,</strong></span> <span class='ocrx_word' id='word_1_147' title='bbox 549 1671 603 1699; x_wconf 89' lang='lat' dir='ltr'><strong>ne</strong></span> <span class='ocrx_word' id='word_1_148' title='bbox 625 1672 739 1700; x_wconf 84' lang='lat' dir='ltr'><strong>vana</strong></span> <span class='ocrx_word' id='word_1_149' title='bbox 760 1664 890 1715; x_wconf 89' lang='lat' dir='ltr'><strong>putes</strong></span> <span class='ocrx_word' id='word_1_150' title='bbox 911 1660 1017 1704; x_wconf 87' lang='lat' dir='ltr'><strong>haec</strong></span> <span class='ocrx_word' id='word_1_151' title='bbox 1041 1662 1204 1719; x_wconf 85' lang='lat' dir='ltr'><strong>fingere</strong></span> <span class='ocrx_word' id='word_1_152' title='bbox 1227 1678 1443 1721; x_wconf 80' lang='lat' dir='ltr'><strong>somnum,</strong></span> 
     </span>
    </p>

    <p class='ocr_par' dir='ltr' id='par_1_18' title="bbox 166 1724 1181 1790">
     <span class='ocr_line' id='line_1_23' title="bbox 166 1724 1181 1790; baseline 0.009 -23"><span class='ocrx_word' id='word_1_153' title='bbox 166 1724 194 1746; x_wconf 66' lang='lat'><strong>‘³</strong></span> <span class='ocrx_word' id='word_1_154' title='bbox 212 1725 399 1769; x_wconf 88' lang='lat' dir='ltr'><strong>Litoreis</strong></span> <span class='ocrx_word' id='word_1_155' title='bbox 419 1726 572 1784; x_wconf 82' lang='lat' dir='ltr'><strong>ingens</strong></span> <span class='ocrx_word' id='word_1_156' title='bbox 594 1728 775 1772; x_wconf 87' lang='lat' dir='ltr'><strong>inventa</strong></span> <span class='ocrx_word' id='word_1_157' title='bbox 797 1731 878 1773; x_wconf 91' lang='lat' dir='ltr'><strong>sub</strong></span> <span class='ocrx_word' id='word_1_158' title='bbox 899 1731 1070 1775; x_wconf 81' lang='lat' dir='ltr'><strong>ilicibus</strong></span> <span class='ocrx_word' id='word_1_159' title='bbox 1094 1748 1181 1790; x_wconf 86' lang='lat' dir='ltr'><strong>sus,</strong></span> 
     </span>
    </p>

    <p class='ocr_par' dir='ltr' id='par_1_19' title="bbox 167 1794 1141 1859">
     <span class='ocr_line' id='line_1_24' title="bbox 167 1794 1141 1859; baseline 0.009 -22"><span class='ocrx_word' id='word_1_160' title='bbox 167 1794 195 1816; x_wconf 86' lang='lat'><strong>“</strong></span> <span class='ocrx_word' id='word_1_161' title='bbox 214 1795 419 1853; x_wconf 82' lang='lat' dir='ltr'><strong>Triginta</strong></span> <span class='ocrx_word' id='word_1_162' title='bbox 442 1798 640 1854; x_wconf 85' lang='lat' dir='ltr'><strong>capitum</strong></span> <span class='ocrx_word' id='word_1_163' title='bbox 660 1798 776 1842; x_wconf 84' lang='lat' dir='ltr'><strong>fetus</strong></span> <span class='ocrx_word' id='word_1_164' title='bbox 797 1801 942 1856; x_wconf 55' lang='lat' dir='ltr'><strong>eni-,KQ</strong></span> <span class='ocrx_word' id='word_1_165' title='bbox 962 1801 1141 1859; x_wconf 83' lang='lat' dir='ltr'><strong>jacebit,</strong></span> 
     </span>
    </p>

    <p class='ocr_par' dir='ltr' id='par_1_20' title="bbox 166 1866 1591 1998">
     <span class='ocr_line' id='line_1_25' title="bbox 166 1866 1591 1926; baseline 0.011 -18"><span class='ocrx_word' id='word_1_166' title='bbox 166 1866 194 1887; x_wconf 84' lang='lat'><strong>“</strong></span> <span class='ocrx_word' id='word_1_167' title='bbox 208 1867 345 1922; x_wconf 85' lang='lat' dir='ltr'><strong>Alba,</strong></span> <span class='ocrx_word' id='word_1_168' title='bbox 370 1868 458 1911; x_wconf 92' lang='lat' dir='ltr'><strong>solo</strong></span> <span class='ocrx_word' id='word_1_169' title='bbox 480 1870 706 1926; x_wconf 79' lang='lat' dir='ltr'><strong>recubans,</strong></span> <span class='ocrx_word' id='word_1_170' title='bbox 730 1871 819 1913; x_wconf 87' lang='lat' dir='ltr'><strong>albi</strong></span> <span class='ocrx_word' id='word_1_171' title='bbox 842 1872 1004 1915; x_wconf 82' lang='lat' dir='ltr'><strong>circum</strong></span> <span class='ocrx_word' id='word_1_172' title='bbox 1026 1874 1160 1916; x_wconf 87' lang='lat' dir='ltr'><strong>ubera</strong></span> <span class='ocrx_word' id='word_1_173' title='bbox 1182 1876 1289 1920; x_wconf 88' lang='lat' dir='ltr'><strong>nati.</strong></span> <span class='ocrx_word' id='word_1_174' title='bbox 1533 1880 1591 1924; x_wconf 88' lang='lat'><strong>45</strong></span> 
     </span>
     <span class='ocr_line' id='line_1_26' title="bbox 166 1937 1349 1998; baseline 0.009 -19"><span class='ocrx_word' id='word_1_175' title='bbox 166 1937 195 1958; x_wconf 86' lang='lat'><strong>“</strong></span> <span class='ocrx_word' id='word_1_176' title='bbox 212 1937 298 1981; x_wconf 87' lang='lat' dir='ltr'><strong>Hic</strong></span> <span class='ocrx_word' id='word_1_177' title='bbox 319 1939 439 1982; x_wconf 90' lang='lat' dir='ltr'><strong>locus</strong></span> <span class='ocrx_word' id='word_1_178' title='bbox 459 1940 580 1982; x_wconf 86' lang='lat' dir='ltr'><strong>urbis</strong></span> <span class='ocrx_word' id='word_1_179' title='bbox 602 1941 696 1996; x_wconf 81' lang='lat' dir='ltr'><strong>erit,</strong></span> <span class='ocrx_word' id='word_1_180' title='bbox 721 1942 890 1998; x_wconf 84' lang='lat' dir='ltr'><strong>requies</strong></span> <span class='ocrx_word' id='word_1_181' title='bbox 912 1957 962 1986; x_wconf 89' lang='lat' dir='ltr'><strong>ea</strong></span> <span class='ocrx_word' id='word_1_182' title='bbox 985 1949 1104 1987; x_wconf 88' lang='lat' dir='ltr'><strong>certa</strong></span> <span class='ocrx_word' id='word_1_183' title='bbox 1125 1946 1322 1989; x_wconf 86' lang='lat' dir='ltr'><strong>laborum</strong></span> <span class='ocrx_word' id='word_1_184' title='bbox 1339 1962 1349 1992; x_wconf 73' lang='grc' dir='ltr'><strong><em>ε</em></strong></span> 
     </span>
    </p>

    <p class='ocr_par' dir='ltr' id='par_1_21' title="bbox 165 2007 1248 2064">
     <span class='ocr_line' id='line_1_27' title="bbox 165 2007 1248 2064; baseline 0.008 -14"><span class='ocrx_word' id='word_1_185' title='bbox 165 2007 194 2029; x_wconf 81' lang='grc'><strong>“</strong></span> <span class='ocrx_word' id='word_1_186' title='bbox 210 2008 282 2051; x_wconf 85' lang='lat' dir='ltr'><strong>Ex</strong></span> <span class='ocrx_word' id='word_1_187' title='bbox 304 2023 390 2064; x_wconf 87' lang='lat' dir='ltr'><strong>quo</strong></span> <span class='ocrx_word' id='word_1_188' title='bbox 412 2015 479 2052; x_wconf 84' lang='lat' dir='ltr'><strong>ter</strong></span> <span class='ocrx_word' id='word_1_189' title='bbox 499 2011 622 2053; x_wconf 87' lang='lat' dir='ltr'><strong>denis</strong></span> <span class='ocrx_word' id='word_1_190' title='bbox 643 2012 796 2055; x_wconf 83' lang='lat' dir='ltr'><strong>urbem</strong></span> <span class='ocrx_word' id='word_1_191' title='bbox 817 2014 1100 2058; x_wconf 81' lang='lat' dir='ltr'><strong>redeuntibus</strong></span> <span class='ocrx_word' id='word_1_192' title='bbox 1122 2017 1248 2060; x_wconf 88' lang='lat' dir='ltr'><strong>annis</strong></span> 
     </span>
    </p>

    <p class='ocr_par' dir='ltr' id='par_1_22' title="bbox 167 2078 1228 2140">
     <span class='ocr_line' id='line_1_28' title="bbox 167 2078 1228 2140; baseline 0.009 -19"><span class='ocrx_word' id='word_1_193' title='bbox 167 2078 195 2099; x_wconf 85' lang='lat'><em>“</em></span> <span class='ocrx_word' id='word_1_194' title='bbox 215 2079 432 2123; x_wconf 89' lang='lat' dir='ltr'><strong>Ascanius</strong></span> <span class='ocrx_word' id='word_1_195' title='bbox 455 2081 559 2123; x_wconf 87' lang='lat' dir='ltr'><strong>clari</strong></span> <span class='ocrx_word' id='word_1_196' title='bbox 580 2083 738 2128; x_wconf 87' lang='lat' dir='ltr'><strong>condet</strong></span> <span class='ocrx_word' id='word_1_197' title='bbox 761 2085 1029 2140; x_wconf 83' lang='lat' dir='ltr'><strong>cognominis</strong></span> <span class='ocrx_word' id='word_1_198' title='bbox 1052 2086 1228 2132; x_wconf 85' lang='lat' dir='ltr'><strong>Albam.</strong></span> 
     </span>
    </p>

    <p class='ocr_par' dir='ltr' id='par_1_23' title="bbox 167 2148 1497 2218">
     <span class='ocr_line' id='line_1_29' title="bbox 167 2148 1497 2218; baseline 0.011 -28"><span class='ocrx_word' id='word_1_199' title='bbox 167 2148 195 2169; x_wconf 88' lang='lat'>“</span> <span class='ocrx_word' id='word_1_200' title='bbox 210 2149 345 2192; x_wconf 86' lang='lat' dir='ltr'><strong>Haud</strong></span> <span class='ocrx_word' id='word_1_201' title='bbox 365 2150 532 2193; x_wconf 87' lang='lat' dir='ltr'><strong>incerta</strong></span> <span class='ocrx_word' id='word_1_202' title='bbox 554 2167 673 2195; x_wconf 85' lang='lat' dir='ltr'><strong>cano.</strong></span> <span class='ocrx_word' id='word_1_203' title='bbox 737 2153 870 2196; x_wconf 87' lang='lat' dir='ltr'><strong>Nunc</strong></span> <span class='ocrx_word' id='word_1_204' title='bbox 893 2168 980 2210; x_wconf 88' lang='lat' dir='ltr'><strong>qua</strong></span> <span class='ocrx_word' id='word_1_205' title='bbox 1003 2158 1184 2214; x_wconf 79' lang='lat' dir='ltr'><strong>ratione,</strong></span> <span class='ocrx_word' id='word_1_206' title='bbox 1210 2161 1325 2214; x_wconf 89' lang='lat' dir='ltr'><strong>quod</strong></span> <span class='ocrx_word' id='word_1_207' title='bbox 1346 2161 1497 2218; x_wconf 80' lang='lat' dir='ltr'><strong>instat,</strong></span> 
     </span>
    </p>

    <p class='ocr_par' dir='ltr' id='par_1_24' title="bbox 166 2219 1591 2355">
     <span class='ocr_line' id='line_1_30' title="bbox 167 2219 1591 2279; baseline 0.01 -19"><span class='ocrx_word' id='word_1_208' title='bbox 167 2219 193 2240; x_wconf 78' lang='lat'><strong>‘⁴</strong></span> <span class='ocrx_word' id='word_1_209' title='bbox 211 2220 435 2277; x_wconf 78' lang='lat' dir='ltr'><strong>Expedias</strong></span> <span class='ocrx_word' id='word_1_210' title='bbox 457 2222 605 2277; x_wconf 83' lang='lat' dir='ltr'><strong>victor,</strong></span> <span class='ocrx_word' id='word_1_211' title='bbox 630 2223 1177 2279; x_wconf 84' lang='lat' dir='ltr'><strong>paucis-advorte-docebo.</strong></span> <span class='ocrx_word' id='word_1_212' title='bbox 1533 2236 1591 2278; x_wconf 84' lang='lat'><strong>50</strong></span> 
     </span>
     <span class='ocr_line' id='line_1_31' title="bbox 166 2290 1343 2355; baseline 0.01 -24"><span class='ocrx_word' id='word_1_213' title='bbox 166 2290 194 2311; x_wconf 80' lang='lat'><strong>“</strong></span> <span class='ocrx_word' id='word_1_214' title='bbox 215 2291 408 2333; x_wconf 87' lang='lat' dir='ltr'><strong>Arcades</strong></span> <span class='ocrx_word' id='word_1_215' title='bbox 430 2292 497 2334; x_wconf 87' lang='lat' dir='ltr'><strong>his</strong></span> <span class='ocrx_word' id='word_1_216' title='bbox 519 2292 614 2347; x_wconf 75' lang='lat' dir='ltr'><strong>olis,</strong></span> <span class='ocrx_word' id='word_1_217' title='bbox 638 2307 776 2349; x_wconf 85' lang='lat' dir='ltr'><strong>genus</strong></span> <span class='ocrx_word' id='word_1_218' title='bbox 799 2309 825 2336; x_wconf 91' lang='lat' dir='ltr'><strong>a</strong></span> <span class='ocrx_word' id='word_1_219' title='bbox 847 2295 1053 2338; x_wconf 85' lang='lat' dir='ltr'><strong>Pallante</strong></span> <span class='ocrx_word' id='word_1_220' title='bbox 1076 2299 1343 2355; x_wconf 85' lang='lat' dir='ltr'><strong>profectum,</strong></span> 
     </span>
    </p>

    <p class='ocr_par' dir='ltr' id='par_1_25' title="bbox 167 2361 1378 2428">
     <span class='ocr_line' id='line_1_32' title="bbox 167 2361 1378 2428; baseline 0.011 -26"><span class='ocrx_word' id='word_1_221' title='bbox 167 2361 194 2382; x_wconf 77' lang='lat'><strong>‘⁴</strong></span> <span class='ocrx_word' id='word_1_222' title='bbox 213 2362 299 2414; x_wconf 80' lang='lat' dir='ltr'><strong>Qui</strong></span> <span class='ocrx_word' id='word_1_223' title='bbox 320 2377 463 2418; x_wconf 85' lang='lat' dir='ltr'><strong>regem</strong></span> <span class='ocrx_word' id='word_1_224' title='bbox 485 2363 741 2406; x_wconf 82' lang='lat' dir='ltr'><strong>Evandrum</strong></span> <span class='ocrx_word' id='word_1_225' title='bbox 764 2366 956 2421; x_wconf 84' lang='lat' dir='ltr'><strong>comites,</strong></span> <span class='ocrx_word' id='word_1_226' title='bbox 982 2369 1057 2423; x_wconf 89' lang='lat' dir='ltr'><strong>qui</strong></span> <span class='ocrx_word' id='word_1_227' title='bbox 1080 2369 1203 2426; x_wconf 83' lang='lat' dir='ltr'><strong>signa</strong></span> <span class='ocrx_word' id='word_1_228' title='bbox 1225 2373 1378 2428; x_wconf 81' lang='lat' dir='ltr'><strong>secuti,</strong></span> 
     </span>
    </p>

    <p class='ocr_par' dir='ltr' id='par_1_26' title="bbox 166 2431 1358 2499">
     <span class='ocr_line' id='line_1_33' title="bbox 166 2431 1358 2499; baseline 0.009 -25"><span class='ocrx_word' id='word_1_229' title='bbox 166 2431 195 2454; x_wconf 70' lang='lat'><strong>‘⁶</strong></span> <span class='ocrx_word' id='word_1_230' title='bbox 214 2433 422 2490; x_wconf 84' lang='lat' dir='ltr'><strong>Delegere</strong></span> <span class='ocrx_word' id='word_1_231' title='bbox 444 2434 588 2476; x_wconf 90' lang='lat' dir='ltr'><strong>locum</strong></span> <span class='ocrx_word' id='word_1_232' title='bbox 610 2440 654 2477; x_wconf 89' lang='lat' dir='ltr'><strong>et</strong></span> <span class='ocrx_word' id='word_1_233' title='bbox 675 2450 854 2492; x_wconf 87' lang='lat' dir='ltr'><strong>posuere</strong></span> <span class='ocrx_word' id='word_1_234' title='bbox 876 2436 923 2479; x_wconf 88' lang='lat' dir='ltr'><strong>in</strong></span> <span class='ocrx_word' id='word_1_235' title='bbox 944 2439 1169 2483; x_wconf 87' lang='lat' dir='ltr'><strong>montibus</strong></span> <span class='ocrx_word' id='word_1_236' title='bbox 1191 2443 1358 2499; x_wconf 83' lang='lat' dir='ltr'><strong>urbem,</strong></span> 
     </span>
    </p>

    <p class='ocr_par' dir='ltr' id='par_1_27' title="bbox 167 2503 1208 2561">
     <span class='ocr_line' id='line_1_34' title="bbox 167 2503 1208 2561; baseline 0.009 -16"><span class='ocrx_word' id='word_1_237' title='bbox 167 2503 195 2525; x_wconf 72' lang='lat'><strong>‘⁴</strong></span> <span class='ocrx_word' id='word_1_238' title='bbox 213 2504 431 2547; x_wconf 88' lang='lat' dir='ltr'><strong>Pallantis</strong></span> <span class='ocrx_word' id='word_1_239' title='bbox 453 2505 601 2561; x_wconf 83' lang='lat' dir='ltr'><strong>proavi</strong></span> <span class='ocrx_word' id='word_1_240' title='bbox 622 2506 676 2548; x_wconf 90' lang='lat' dir='ltr'><strong>de</strong></span> <span class='ocrx_word' id='word_1_241' title='bbox 697 2506 870 2550; x_wconf 89' lang='lat' dir='ltr'><strong>nomine</strong></span> <span class='ocrx_word' id='word_1_242' title='bbox 893 2508 1208 2556; x_wconf 77' lang='lat' dir='ltr'><strong>Pallanteum:</strong></span> 
     </span>
    </p>

    <p class='ocr_par' dir='ltr' id='par_1_28' title="bbox 167 2573 1589 2636">
     <span class='ocr_line' id='line_1_35' title="bbox 167 2573 1589 2636; baseline 0.008 -20"><span class='ocrx_word' id='word_1_243' title='bbox 167 2573 194 2595; x_wconf 88' lang='lat'><strong><em>“</em></strong></span> <span class='ocrx_word' id='word_1_244' title='bbox 211 2574 274 2617; x_wconf 88' lang='lat' dir='ltr'><strong>Hi</strong></span> <span class='ocrx_word' id='word_1_245' title='bbox 293 2574 461 2620; x_wconf 82' lang='lat' dir='ltr'><strong>bellum</strong></span> <span class='ocrx_word' id='word_1_246' title='bbox 482 2574 654 2619; x_wconf 87' lang='lat' dir='ltr'><strong>assidue</strong></span> <span class='ocrx_word' id='word_1_247' title='bbox 677 2576 846 2619; x_wconf 84' lang='lat' dir='ltr'><strong>ducunt</strong></span> <span class='ocrx_word' id='word_1_248' title='bbox 868 2592 971 2620; x_wconf 88' lang='lat' dir='ltr'><strong>cum</strong></span> <span class='ocrx_word' id='word_1_249' title='bbox 992 2585 1122 2636; x_wconf 85' lang='lat' dir='ltr'><strong>gente</strong></span> <span class='ocrx_word' id='word_1_250' title='bbox 1144 2581 1329 2626; x_wconf 90' lang='lat' dir='ltr'><strong>Latina:</strong></span> <span class='ocrx_word' id='word_1_251' title='bbox 1532 2589 1589 2632; x_wconf 88' lang='lat'><strong>55</strong></span> 
     </span>
    </p>
   </div>
  </div>
 </body>
</html>
