1757 2916
198 119 288 162 210
682 129 914 160 AENEIDos
947 129 1034 161 ΜΒ.
1069 129 1133 159 ιχ,

199 240 472 297 Expugnare
495 239 603 282 Itali
627 253 886 294 summaque
909 243 1098 280 evertere
1121 251 1256 294 opum
1277 248 1322 280 νζ

202 311 459 367 Certabant,
487 311 619 354 Troes
642 315 792 353 contra
815 309 1044 352 defendere
1068 308 1186 351 saxis

203 383 372 439 Perque
396 398 522 426 cavas
545 383 668 425 densi
691 381 779 423 tela
802 380 1052 436 intorquere
1074 380 1303 424 fenestras.

202 455 411 511 Princeps
435 456 663 496 ardentem
686 452 872 508 conjecit
893 452 1102 508 lampada
1127 451 1318 507 Turnus,

201 526 264 568 Et
286 526 515 568 flammam
537 524 681 567 affixit
704 524 845 579 lateri,
871 537 984 579 quae
1008 524 1198 579 plurima
1220 530 1352 566 vento

205 597 428 653 Corripuit
452 597 627 638 tabulas
650 602 694 638 et
717 595 917 651 postibus
939 595 1078 637 haesit
1102 596 1256 639 adesis.

203 668 391 711 Turbati
413 667 633 724 trepidare
656 666 792 722 intus,
817 658 1066 722 frustraque
1089 667 1309 709 malorum

203 739 329 782 Velle
351 739 516 796 fugam.
583 737 707 780 Dum
729 753 773 781 se
795 738 1054 795 glomerant,
1079 742 1281 794 retroque
1304 737 1501 780 residunt

204 812 258 853 In
280 815 468 868 partem,
493 824 604 866 quae
628 815 751 866 peste
774 814 917 853 caret:
954 814 1054 852 tum
1076 810 1264 866 pondere
1288 809 1418 852 turris

204 882 447 926 Procubuit
471 881 631 938 subito,
657 886 702 924 et
726 881 896 924 coelum
920 886 1047 924 tonat
1070 896 1196 924 omne
1219 880 1400 938 fragore.

205 954 452 998 Semineces
475 954 532 996 acl
555 958 733 1009 terram,
757 952 943 995 immani
965 953 1077 996 mole
1101 958 1265 1008 secuta,

205 1026 465 1081 Confixique
488 1024 577 1068 suis
600 1025 698 1068 telis
721 1030 766 1067 et
789 1029 967 1081 pectora
989 1025 1097 1067 duro

206 1097 451 1140 Transfossi
472 1097 591 1153 ligno
612 1096 795 1138 veniunt
811 1109 822 1150 ;
857 1095 931 1137 vix
952 1110 1066 1138 unus
1090 1094 1282 1138 Helenor

205 1169 266 1211 Et
290 1169 436 1224 Lycus
461 1168 595 1224 clapsi
616 1182 626 1210 ε
662 1181 849 1223 quorum
872 1166 1119 1223 primaevus
1143 1165 1348 1222 Helenor,

208 1240 408 1283 Maeonio
432 1240 521 1297 regi
543 1253 676 1296 quem
699 1253 821 1282 serva
843 1238 1074 1294 Licymnia
1096 1237 1252 1280 furtim

209 1312 461 1355 Sustulerat
483 1311 722 1367 vetitisque
745 1311 801 1353 ad
827 1309 1005 1366 Trojam
1028 1309 1207 1352 miserat
1230 1309 1379 1365 armis,

206 1383 324 1425 Ense
347 1382 452 1425 levis
477 1383 592 1425 nudo
614 1395 855 1438 parmaque
877 1380 1086 1437 inglorius
1109 1380 1220 1424 alba.

207 1454 339 1509 Isque
361 1453 439 1495 ubi
461 1467 504 1495 se
528 1452 670 1494 Turni
691 1452 837 1494 media
858 1451 974 1493 inter
995 1451 1134 1493 millia
1155 1451 1280 1506 vidit,

189 1525 323 1566 .Hine
347 1525 472 1579 acies,
497 1529 632 1580 atque
652 1523 754 1566 hinc
777 1523 893 1566 acies
916 1523 1091 1566 adstare
1115 1522 1327 1567 Latinas:

210 1594 276 1638 Ut
300 1595 406 1651 fera,
432 1609 559 1651 quae,
584 1595 718 1637 densa
741 1599 983 1637 venantum
1005 1598 1130 1650 septa
1153 1608 1321 1650 corona,

209 1666 375 1720 Contra.
398 1666 488 1708 tela
508 1665 630 1721 furit,
656 1680 834 1722 seseque
856 1665 976 1708 haud
997 1665 1144 1733 nescia
1165 1664 1298 1708 morti

208 1737 359 1793 Injicit
381 1743 425 1780 et
449 1738 568 1795 saltu
591 1752 723 1794 supra
744 1737 964 1779 venabula
985 1736 1148 1791 fertur3

208 1808 343 1851 Haud
366 1808 496 1850 aliter
512 1808 687 1864 juvenis
709 1808 873 1851 medios
896 1807 1136 1850 moriturus
1158 1807 1205 1849 in
1225 1807 1373 1850 hostes

209 1879 342 1922 Irruit
367 1884 426 1934 et,
452 1894 539 1935 qua
561 1879 652 1921 tela
675 1879 793 1921 videt
817 1878 1087 1934 densissima,
1112 1879 1283 1921 tendit—

209 1950 275 1993 At
298 1950 484 2006 pedibus
504 1950 631 2006 longe
653 1949 806 1991 melior
827 1948 973 2005 Lycus
996 1949 1110 1991 inter
1132 1954 1175 1991 et
1197 1948 1345 1992 hostes

209 2020 337 2063 Inter
357 2025 402 2063 et
425 2034 546 2063 arma
567 2020 673 2077 fuga
696 2034 844 2063 muros
866 2024 1007 2076 tenet,
1031 2021 1211 2076 altaque
1235 2025 1375 2063 certat

212 2093 428 2135 Prenderc
451 2097 570 2135 tecta
593 2106 727 2133 manu
751 2091 1000 2147 sociumque
1023 2091 1243 2148 attingere
1265 2091 1456 2136 dextras.

211 2163 353 2217 Quem
379 2149 572 2218 Turn-us,
596 2162 758 2218 pariter
780 2177 910 2205 cursu
933 2163 1108 2218 teloque
1132 2167 1324 2218 secutus,

211 2235 418 2291 Increpat
440 2233 508 2276 his
530 2233 694 2278 victor:
732 2232 759 2253 ‘⁶
775 2233 818 2275 Ν
822 2238 1016 2276 ostrasne
1039 2234 1235 2288 evadere,
1259 2233 1451 2289 demens,

211 2305 241 2327 “
263 2303 458 2361 Sperasti
479 2309 524 2346 te
547 2318 670 2361 posse
693 2319 852 2347 manus
870 2305 890 2348 P
911 2305 935 2323 ”
970 2304 1103 2347 simul
1125 2303 1280 2360 arripit
1304 2303 1450 2360 ipsum

212 2376 500 2431 Pendentem,
526 2380 571 2417 ct
594 2390 755 2432 magna
778 2375 890 2417 muri
915 2390 1015 2418 cum
1040 2381 1163 2432 parte
1186 2375 1383 2418 revellit:

213 2447 365 2501 Qualis
387 2447 464 2489 ubi
486 2453 565 2489 aut
588 2447 777 2503 leporem
801 2451 880 2488 aut
903 2447 1111 2489 candenti
1133 2461 1307 2502 corpore
1331 2460 1516 2502 cycnum

216 2518 409 2561 Sustulit
433 2518 526 2560 alta
546 2522 700 2575 petens
723 2517 908 2574 pedibus
929 2517 960 2560 J
964 2518 1054 2560 ovis
1077 2517 1264 2573 armiger
1287 2517 1425 2573 uncis,

213 2590 474 2644 Quaesitum
496 2594 574 2632 aut
597 2589 727 2631 matri
749 2588 903 2631 multis
926 2588 1148 2632 balatibus
1170 2603 1334 2646 agnum

1553 808 1642 853 540

1554 1164 1642 1210 545

1554 1523 1644 1568 550

1557 1881 1646 1924 555

1559 2234 1647 2276 560

1559 2589 1647 2633 565
