1741 2902
650 120 878 150 AENEIDOS
911 120 996 150 ΜΒ.
1032 120 1074 150 x.
1490 107 1578 150 229

155 229 211 271 Ni
232 229 416 272 fratrum
439 228 609 283 stipata
632 228 780 270 cohors
801 228 911 269 foret
934 227 1075 282 obvia,
1102 227 1260 270 Phorci

150 301 398 357 Progenies,
423 305 592 355 septem
615 313 792 341 numero
812 314 820 342 :
857 305 1123 355 septenaque
1148 299 1237 341 tela
1418 342 1420 344 ,

151 370 401 427 Conjiciunt
422 384 433 424 3
468 370 632 426 partim
656 370 781 425 galea
803 370 1026 426 clipeoque
1050 371 1267 413 resultant
1494 370 1582 411 330

149 442 294 496 Irrita,
319 441 499 483 deflexit
522 440 685 497 partim
709 440 971 497 stringentia
995 456 1148 497 corpus
1206 464 1212 469 ·

149 512 283 554 Alma
306 511 470 554 Venus.
535 511 702 553 Fidum
724 511 897 554 Aeneas
926 511 1088 554 affatur
1109 512 1339 555 Achaten:

151 581 178 602 ‘⁶
199 582 388 639 Suggere
412 582 501 624 tela
523 581 633 623 mihi
654 596 662 625 :
698 597 784 624 non
805 583 947 624 ullum
970 583 1152 625 dextera
1172 583 1333 626 frustra
1512 633 1519 635 A

151 654 177 673 ‘⁶
194 653 385 695 Torserit
408 653 454 695 in
478 653 680 708 Rutulos,
707 658 925 696 steterunt
949 668 1059 710 quae
1085 655 1131 696 in
1154 669 1324 711 corpore
1349 654 1534 697 Graium

152 724 178 744 ‘⁶
198 725 345 766 Iliacis
370 724 576 780 campis.'’
643 725 760 766 Tum
780 740 988 781 magnam
1011 726 1185 782 corripit
1206 728 1397 780 hastam,
1498 726 1583 768 335

150 793 210 835 Et
224 794 366 849 -jacitz
401 795 476 837 illa
499 796 648 837 volans
670 796 798 852 clipei
820 797 1141 838 transverberat
1164 812 1264 839 aera

151 865 360 921 Maeonis,
387 872 431 908 et
455 866 633 909 thoraca
657 867 787 908 simul
809 881 911 908 cum
934 874 1106 923 pectore
1130 868 1308 924 rumpit.

152 936 271 978 Huic
292 936 427 978 frater
449 937 569 978 subit
592 937 794 992 Alcanor,
818 937 1085 992 fratremque
1109 944 1309 980 ruentem

153 1008 385 1051 Sustentat
408 1008 588 1050 dextra:
626 1007 810 1062 trajecto
827 1008 960 1050 missa
982 1008 1146 1050 lacerto

151 1078 356 1121 Protinus
378 1078 508 1120 hasta
529 1078 644 1134 fugit
667 1084 897 1134 servatque
920 1084 1101 1121 cruenta
1124 1084 1331 1133 tenorem,
1497 1079 1584 1121 340

152 1149 434 1205 Dexteraque
457 1164 511 1191 ex
533 1149 714 1191 humero
736 1149 877 1192 nervis
900 1149 1160 1193 moribunda
1181 1150 1393 1207 pependit

153 1220 271 1262 Tum
293 1220 515 1276 Numitor,
533 1220 679 1276 jaculo
701 1220 849 1263 fratris
872 1221 925 1263 de
947 1235 1119 1278 corpore
1142 1227 1285 1278 rapto,

153 1291 335 1333 Aenean
357 1291 488 1347 petiit
508 1305 519 1345 3
556 1291 630 1333 sed
653 1306 739 1334 non
762 1297 807 1334 et
829 1291 957 1348 figere
979 1298 1131 1334 contra

152 1361 236 1404 Est
257 1361 444 1417 licitum,
469 1362 705 1418 magnique
727 1362 871 1404 femur
891 1363 1150 1418 perstrinxit
1172 1363 1385 1406 Achatae.

155 1432 240 1475 Hic
265 1432 465 1488 Curibus,
489 1433 629 1476 fidens
651 1434 874 1489 primaevo
897 1448 1084 1490 corpore7
1111 1434 1298 1477 Clausus
1354 1422 1357 1424 ’
1501 1433 1587 1477 345

155 1503 368 1558 Advenit,
393 1508 437 1545 et
461 1503 600 1560 rigida
624 1503 846 1559 Dryopem
867 1504 966 1546 ferit
989 1505 1158 1546 eminus
1179 1504 1308 1546 hasta

159 1573 250 1616 Sub
274 1579 477 1615 mentum
500 1574 691 1630 graviter
711 1589 869 1630 pressa,
894 1574 1143 1630 pariterque
1166 1574 1385 1630 loquentis

157 1643 324 1686 Vocem
347 1644 626 1700 animamque
649 1645 764 1700 rapit
790 1645 971 1701 trajecto
994 1650 1175 1702 gutture
1199 1660 1210 1700 3
1245 1651 1292 1687 at
1314 1646 1387 1688 ille

156 1715 319 1757 Fronte
341 1715 442 1760 ferit
466 1720 627 1757 terram
650 1721 694 1757 et
717 1730 910 1758 crassum
932 1716 1069 1759 vomit
1091 1731 1160 1758 ore
1184 1731 1391 1760 cruorem.

159 1786 263 1828 Tres
286 1800 456 1841 quoque
481 1786 701 1829 Threicios
725 1787 888 1828 Boreae
911 1787 963 1829 de
986 1796 1117 1843 gente
1141 1802 1357 1843 suprema,
1496 1788 1588 1831 350

158 1857 220 1898 Et
243 1862 344 1911 tres,
370 1870 477 1912 quos
501 1856 605 1899 Idas
628 1862 756 1913 pater
777 1863 821 1898 et
845 1857 990 1913 patria
1014 1858 1182 1899 Ismara
1205 1857 1362 1913 mittit,

158 1927 243 1969 Per
263 1926 402 1969 varios
426 1926 585 1969 sternit
608 1941 744 1970 casus.
809 1927 1015 1969 Accurrit
1040 1927 1259 1970 Halaesus

160 1998 482 2054 Auruncaeque
504 2012 675 2053 manus,
702 1997 824 2041 subit
847 2004 892 2041 et
915 1998 1146 2055 Neptunia
1169 1999 1325 2056 proles,

159 2068 349 2125 Insignis
372 2068 604 2125 Messapus
626 2069 759 2125 equis.
824 2069 1057 2125 Expellere
1079 2071 1270 2112 tendunt

161 2139 293 2181 Nunc
317 2139 376 2193 hi,
400 2153 518 2180 nunc
541 2139 636 2192 illi3
672 2144 869 2181 certatur
889 2139 1041 2181 limine
1062 2139 1108 2181 in
1130 2140 1224 2196 ipso
1503 2140 1592 2183 355

164 2209 394 2251 Ausoniae.
459 2208 623 2264 Magno
645 2208 859 2251 discordes
881 2209 1057 2251 aethere
1079 2209 1203 2250 venti

164 2280 331 2322 Proelia
354 2294 433 2322 ceu
455 2279 621 2322 tollunt
643 2279 801 2321 animis
823 2284 868 2321 et
889 2279 1055 2321 viribus
1077 2279 1226 2334 aequis
1248 2293 1258 2332 3

165 2350 263 2392 Non
286 2349 370 2406 ipsi
391 2349 506 2392 inter
527 2363 584 2405 se,
607 2363 695 2392 non
716 2349 879 2403 nubila,
904 2363 992 2391 non
1014 2363 1132 2390 mare
1155 2338 1272 2391 cedit
1290 2362 1301 2402 3

166 2421 341 2477 Anceps
363 2435 513 2477 pugna
534 2420 637 2475 diu3
674 2425 794 2463 stant
816 2419 978 2462 obnixa
1000 2420 1145 2462 omnia
1169 2425 1321 2462 contra
1339 2434 1348 2463 ε

167 2492 299 2534 Haud
321 2492 447 2534 aliter
470 2491 682 2546 Trojanae
705 2490 818 2533 acies
841 2490 1041 2546 aciesque
1064 2490 1251 2532 Latinae
1507 2490 1594 2533 360

168 2561 456 2617 Concurrunt,
479 2563 630 2604 haeret
652 2562 761 2618 pede
784 2574 859 2618 pes
882 2561 1128 2617 densusque
1151 2561 1240 2603 viro
1260 2560 1335 2604 vir.
