<?xml version="1.0" encoding="UTF-8"?>
<!DOCTYPE html PUBLIC "-//W3C//DTD XHTML 1.0 Transitional//EN"
    "http://www.w3.org/TR/xhtml1/DTD/xhtml1-transitional.dtd">
<html xmlns="http://www.w3.org/1999/xhtml" xml:lang="en" lang="en">
 <head>
  <title>
</title>
<meta http-equiv="Content-Type" content="text/html;charset=utf-8" />
  <meta name='ocr-system' content='tesseract 3.04.00' />
  <meta name='ocr-capabilities' content='ocr_page ocr_carea ocr_par ocr_line ocrx_word'/>
</head>
<body>
  <div class='ocr_page' id='page_1' title='image "aeneidfri00virguoft_0173.png"; bbox 0 0 1731 2923; ppageno 0'>
   <div class='ocr_carea' id='block_1_1' title="bbox 566 636 1222 682">
    <p class='ocr_par' dir='ltr' id='par_1_1' title="bbox 566 636 1222 682">
     <span class='ocr_line' id='line_1_1' title="bbox 566 636 1222 682; baseline -0.002 -1"><span class='ocrx_word' id='word_1_1' title='bbox 566 636 618 682; x_wconf 82' lang='lat' dir='ltr'>P.</span> <span class='ocrx_word' id='word_1_2' title='bbox 660 637 922 681; x_wconf 82' lang='lat' dir='ltr'><strong>VIRGILII</strong></span> <span class='ocrx_word' id='word_1_3' title='bbox 963 636 1222 682; x_wconf 71' lang='lat' dir='ltr'><strong>MARONIS</strong></span> 
     </span>
    </p>
   </div>
   <div class='ocr_carea' id='block_1_2' title="bbox 458 774 1330 838">
    <p class='ocr_par' dir='ltr' id='par_1_2' title="bbox 458 774 1330 838">
     <span class='ocr_line' id='line_1_2' title="bbox 458 774 1330 838; baseline 0 0"><span class='ocrx_word' id='word_1_4' title='bbox 458 774 1330 838; x_wconf 73' lang='lat' dir='ltr'>AENE1DOS</span> 
     </span>
    </p>
   </div>
   <div class='ocr_carea' id='block_1_3' title="bbox 611 936 1168 979">
    <p class='ocr_par' dir='ltr' id='par_1_3' title="bbox 611 936 1168 979">
     <span class='ocr_line' id='line_1_3' title="bbox 611 936 1168 979; baseline 0.002 -1"><span class='ocrx_word' id='word_1_5' title='bbox 611 936 804 978; x_wconf 84' lang='lat' dir='ltr'>LIBER</span> <span class='ocrx_word' id='word_1_6' title='bbox 839 936 1168 979; x_wconf 79' lang='lat' dir='ltr'><strong>SEPTIMUS.</strong></span> 
     </span>
    </p>
   </div>
   <div class='ocr_carea' id='block_1_4' title="bbox 747 1077 1037 1093">
    <p class='ocr_par' dir='ltr' id='par_1_4' title="bbox 747 1077 1037 1093">
     <span class='ocr_line' id='line_1_4' title="bbox 747 1077 1037 1093; baseline 0 1830"><span class='ocrx_word' id='word_1_7' title='bbox 747 1077 1037 1093; x_wconf 95' lang='lat' dir='ltr'> </span> 
     </span>
    </p>
   </div>
   <div class='ocr_carea' id='block_1_5' title="bbox 178 1179 1430 2436">
    <p class='ocr_par' dir='ltr' id='par_1_5' title="bbox 179 1179 1248 1306">
     <span class='ocr_line' id='line_1_5' title="bbox 179 1179 1248 1237; baseline -0.002 -13"><span class='ocrx_word' id='word_1_8' title='bbox 179 1181 249 1224; x_wconf 82' lang='lat' dir='ltr'>Tu</span> <span class='ocrx_word' id='word_1_9' title='bbox 272 1195 444 1237; x_wconf 88' lang='lat' dir='ltr'>quoque</span> <span class='ocrx_word' id='word_1_10' title='bbox 465 1180 668 1223; x_wconf 85' lang='lat' dir='ltr'>litoribus</span> <span class='ocrx_word' id='word_1_11' title='bbox 690 1179 861 1234; x_wconf 87' lang='lat' dir='ltr'>nostris,</span> <span class='ocrx_word' id='word_1_12' title='bbox 886 1180 1057 1222; x_wconf 70' lang='lat' dir='ltr'>Aeneia</span> <span class='ocrx_word' id='word_1_13' title='bbox 1079 1180 1248 1236; x_wconf 78' lang='lat' dir='ltr'>nutrix,</span> 
     </span>
     <span class='ocr_line' id='line_1_6' title="bbox 179 1250 1237 1306; baseline -0.001 -12"><span class='ocrx_word' id='word_1_14' title='bbox 179 1251 420 1294; x_wconf 85' lang='lat' dir='ltr'>Aeternam</span> <span class='ocrx_word' id='word_1_15' title='bbox 441 1251 628 1293; x_wconf 86' lang='lat' dir='ltr'>moriens</span> <span class='ocrx_word' id='word_1_16' title='bbox 649 1251 828 1305; x_wconf 85' lang='lat' dir='ltr'>famam,</span> <span class='ocrx_word' id='word_1_17' title='bbox 855 1250 1024 1306; x_wconf 79' lang='lat' dir='ltr'>Caieta,</span> <span class='ocrx_word' id='word_1_18' title='bbox 1049 1250 1208 1294; x_wconf 83' lang='lat' dir='ltr'>dedisti</span> <span class='ocrx_word' id='word_1_19' title='bbox 1225 1264 1237 1306; x_wconf 83' lang='lat'><em>3</em></span> 
     </span>
    </p>

    <p class='ocr_par' dir='ltr' id='par_1_6' title="bbox 178 1321 1404 1520">
     <span class='ocr_line' id='line_1_7' title="bbox 178 1321 1404 1378; baseline 0 -14"><span class='ocrx_word' id='word_1_20' title='bbox 178 1321 240 1365; x_wconf 88' lang='lat' dir='ltr'>Et</span> <span class='ocrx_word' id='word_1_21' title='bbox 262 1336 378 1364; x_wconf 82' lang='lat' dir='ltr'>nuno</span> <span class='ocrx_word' id='word_1_22' title='bbox 403 1327 547 1364; x_wconf 84' lang='lat' dir='ltr'>servat</span> <span class='ocrx_word' id='word_1_23' title='bbox 568 1322 703 1364; x_wconf 80' lang='lat' dir='ltr'>honos</span> <span class='ocrx_word' id='word_1_24' title='bbox 726 1322 873 1364; x_wconf 83' lang='lat' dir='ltr'>sedem</span> <span class='ocrx_word' id='word_1_25' title='bbox 895 1326 1014 1377; x_wconf 73' lang='lat' dir='ltr'>tuus,</span> <span class='ocrx_word' id='word_1_26' title='bbox 1040 1337 1221 1378; x_wconf 79' lang='lat' dir='ltr'>ossaque</span> <span class='ocrx_word' id='word_1_27' title='bbox 1244 1336 1404 1364; x_wconf 87' lang='lat' dir='ltr'>nomen</span> 
     </span>
     <span class='ocr_line' id='line_1_8' title="bbox 180 1392 1345 1449; baseline 0.001 -15"><span class='ocrx_word' id='word_1_28' title='bbox 180 1392 392 1448; x_wconf 85' lang='lat' dir='ltr'>Hesperia</span> <span class='ocrx_word' id='word_1_29' title='bbox 416 1392 463 1434; x_wconf 88' lang='lat' dir='ltr'>in</span> <span class='ocrx_word' id='word_1_30' title='bbox 482 1406 658 1448; x_wconf 85' lang='lat' dir='ltr'>magna,</span> <span class='ocrx_word' id='word_1_31' title='bbox 685 1392 721 1435; x_wconf 90' lang='lat' dir='ltr'>si</span> <span class='ocrx_word' id='word_1_32' title='bbox 744 1406 831 1448; x_wconf 89' lang='lat' dir='ltr'>qua</span> <span class='ocrx_word' id='word_1_33' title='bbox 854 1396 919 1434; x_wconf 90' lang='lat' dir='ltr'>est</span> <span class='ocrx_word' id='word_1_34' title='bbox 943 1406 993 1434; x_wconf 85' lang='lat' dir='ltr'>ea</span> <span class='ocrx_word' id='word_1_35' title='bbox 1015 1392 1163 1448; x_wconf 80' lang='lat' dir='ltr'>gloria,</span> <span class='ocrx_word' id='word_1_36' title='bbox 1189 1393 1345 1449; x_wconf 80' lang='lat' dir='ltr'>signat.</span> 
     </span>
     <span class='ocr_line' id='line_1_9' title="bbox 180 1462 1098 1520; baseline -0.001 -14"><span class='ocrx_word' id='word_1_37' title='bbox 180 1463 244 1506; x_wconf 93' lang='lat' dir='ltr'>At</span> <span class='ocrx_word' id='word_1_38' title='bbox 267 1463 366 1520; x_wconf 86' lang='lat' dir='ltr'>pius</span> <span class='ocrx_word' id='word_1_39' title='bbox 389 1463 604 1518; x_wconf 77' lang='lat' dir='ltr'>exsequiis</span> <span class='ocrx_word' id='word_1_40' title='bbox 627 1462 801 1505; x_wconf 81' lang='lat' dir='ltr'>Aeneas</span> <span class='ocrx_word' id='word_1_41' title='bbox 823 1463 906 1504; x_wconf 79' lang='lat' dir='ltr'>rite</span> <span class='ocrx_word' id='word_1_42' title='bbox 929 1462 1098 1518; x_wconf 84' lang='lat' dir='ltr'>solutis,</span> 
     </span>
    </p>

    <p class='ocr_par' dir='ltr' id='par_1_7' title="bbox 180 1530 1430 1871">
     <span class='ocr_line' id='line_1_10' title="bbox 181 1530 1430 1591; baseline -0.001 -15"><span class='ocrx_word' id='word_1_43' title='bbox 181 1534 353 1591; x_wconf 81' lang='lat' dir='ltr'>Aggere</span> <span class='ocrx_word' id='word_1_44' title='bbox 376 1534 616 1590; x_wconf 82' lang='lat' dir='ltr'>composito</span> <span class='ocrx_word' id='word_1_45' title='bbox 639 1533 820 1588; x_wconf 84' lang='lat' dir='ltr'>tumuli,</span> <span class='ocrx_word' id='word_1_46' title='bbox 846 1530 1084 1589; x_wconf 84' lang='lat' dir='ltr'>postquam</span> <span class='ocrx_word' id='word_1_47' title='bbox 1105 1533 1199 1575; x_wconf 79' lang='lat' dir='ltr'>alta</span> <span class='ocrx_word' id='word_1_48' title='bbox 1222 1533 1430 1589; x_wconf 85' lang='lat' dir='ltr'>quierunt</span> 
     </span>
     <span class='ocr_line' id='line_1_11' title="bbox 180 1603 1328 1660; baseline -0.001 -13"><span class='ocrx_word' id='word_1_49' title='bbox 180 1605 399 1660; x_wconf 83' lang='lat' dir='ltr'>Aequora,</span> <span class='ocrx_word' id='word_1_50' title='bbox 423 1603 566 1646; x_wconf 81' lang='lat' dir='ltr'>tendit</span> <span class='ocrx_word' id='word_1_51' title='bbox 588 1604 673 1646; x_wconf 83' lang='lat' dir='ltr'>iter</span> <span class='ocrx_word' id='word_1_52' title='bbox 693 1603 799 1645; x_wconf 79' lang='lat' dir='ltr'>velis</span> <span class='ocrx_word' id='word_1_53' title='bbox 823 1608 1086 1660; x_wconf 85' lang='lat' dir='ltr'>portumque</span> <span class='ocrx_word' id='word_1_54' title='bbox 1110 1603 1328 1659; x_wconf 75' lang='lat' dir='ltr'>relinquit.</span> 
     </span>
     <span class='ocr_line' id='line_1_12' title="bbox 181 1673 1350 1731; baseline -0.001 -14"><span class='ocrx_word' id='word_1_55' title='bbox 181 1674 424 1731; x_wconf 82' lang='lat' dir='ltr'>Adspirant</span> <span class='ocrx_word' id='word_1_56' title='bbox 447 1688 578 1716; x_wconf 87' lang='lat' dir='ltr'>aurae</span> <span class='ocrx_word' id='word_1_57' title='bbox 601 1674 647 1715; x_wconf 91' lang='lat' dir='ltr'>in</span> <span class='ocrx_word' id='word_1_58' title='bbox 668 1678 859 1728; x_wconf 79' lang='lat' dir='ltr'>noctem,</span> <span class='ocrx_word' id='word_1_59' title='bbox 884 1687 961 1715; x_wconf 86' lang='lat' dir='ltr'>nee</span> <span class='ocrx_word' id='word_1_60' title='bbox 985 1673 1174 1716; x_wconf 81' lang='lat' dir='ltr'>candida</span> <span class='ocrx_word' id='word_1_61' title='bbox 1196 1688 1350 1716; x_wconf 86' lang='lat' dir='ltr'>cursus</span> 
     </span>
     <span class='ocr_line' id='line_1_13' title="bbox 180 1744 1402 1801; baseline -0.001 -13"><span class='ocrx_word' id='word_1_62' title='bbox 180 1746 308 1788; x_wconf 87' lang='lat' dir='ltr'>Luna</span> <span class='ocrx_word' id='word_1_63' title='bbox 329 1750 476 1800; x_wconf 83' lang='lat' dir='ltr'>negat,</span> <span class='ocrx_word' id='word_1_64' title='bbox 501 1745 703 1801; x_wconf 73' lang='lat' dir='ltr'>splendet</span> <span class='ocrx_word' id='word_1_65' title='bbox 725 1744 913 1786; x_wconf 83' lang='lat' dir='ltr'>tremulo</span> <span class='ocrx_word' id='word_1_66' title='bbox 937 1744 1019 1786; x_wconf 83' lang='lat' dir='ltr'>sub</span> <span class='ocrx_word' id='word_1_67' title='bbox 1040 1744 1205 1786; x_wconf 88' lang='lat' dir='ltr'>lumine</span> <span class='ocrx_word' id='word_1_68' title='bbox 1227 1749 1402 1800; x_wconf 81' lang='lat' dir='ltr'>pontus.</span> 
     </span>
     <span class='ocr_line' id='line_1_14' title="bbox 180 1815 1181 1871; baseline -0.004 -10"><span class='ocrx_word' id='word_1_69' title='bbox 180 1818 388 1861; x_wconf 81' lang='lat' dir='ltr'>Proxima</span> <span class='ocrx_word' id='word_1_70' title='bbox 413 1817 616 1860; x_wconf 78' lang='lat' dir='ltr'>Circaeae</span> <span class='ocrx_word' id='word_1_71' title='bbox 638 1816 857 1858; x_wconf 82' lang='lat' dir='ltr'>raduntur</span> <span class='ocrx_word' id='word_1_72' title='bbox 877 1815 1007 1857; x_wconf 87' lang='lat' dir='ltr'>litora</span> <span class='ocrx_word' id='word_1_73' title='bbox 1029 1820 1181 1871; x_wconf 87' lang='lat' dir='ltr'>terrae,</span> 
     </span>
    </p>

    <p class='ocr_par' dir='ltr' id='par_1_8' title="bbox 181 1876 1063 1941">
     <span class='ocr_line' id='line_1_15' title="bbox 181 1876 1063 1941; baseline -0.003 -10"><span class='ocrx_word' id='word_1_74' title='bbox 181 1888 316 1931; x_wconf 86' lang='lat' dir='ltr'>Dives</span> <span class='ocrx_word' id='word_1_75' title='bbox 336 1888 575 1930; x_wconf 78' lang='lat' dir='ltr'>inaccessos</span> <span class='ocrx_word' id='word_1_76' title='bbox 596 1885 674 1928; x_wconf 89' lang='lat' dir='ltr'>ubi</span> <span class='ocrx_word' id='word_1_77' title='bbox 697 1885 808 1941; x_wconf 71' lang='lat' dir='ltr'>Solis</span> <span class='ocrx_word' id='word_1_78' title='bbox 827 1876 921 1927; x_wconf 82' lang='lat' dir='ltr'>filia</span> <span class='ocrx_word' id='word_1_79' title='bbox 942 1885 1063 1928; x_wconf 85' lang='lat' dir='ltr'>lucos</span> 
     </span>
    </p>

    <p class='ocr_par' dir='ltr' id='par_1_9' title="bbox 180 1955 1195 2012">
     <span class='ocr_line' id='line_1_16' title="bbox 180 1955 1195 2012; baseline -0.005 -10"><span class='ocrx_word' id='word_1_80' title='bbox 180 1959 369 2003; x_wconf 83' lang='lat' dir='ltr'>Assiduo</span> <span class='ocrx_word' id='word_1_81' title='bbox 391 1962 565 2001; x_wconf 87' lang='lat' dir='ltr'>resonat</span> <span class='ocrx_word' id='word_1_82' title='bbox 587 1961 735 2012; x_wconf 84' lang='lat' dir='ltr'>cantu,</span> <span class='ocrx_word' id='word_1_83' title='bbox 759 1956 976 2012; x_wconf 78' lang='lat' dir='ltr'>tectisque</span> <span class='ocrx_word' id='word_1_84' title='bbox 999 1955 1195 2012; x_wconf 82' lang='lat' dir='ltr'>superbis</span> 
     </span>
    </p>

    <p class='ocr_par' dir='ltr' id='par_1_10' title="bbox 181 2013 1239 2157">
     <span class='ocr_line' id='line_1_17' title="bbox 181 2013 1239 2082; baseline -0.005 -9"><span class='ocrx_word' id='word_1_85' title='bbox 181 2031 287 2073; x_wconf 83' lang='lat' dir='ltr'>Urit</span> <span class='ocrx_word' id='word_1_86' title='bbox 311 2031 536 2073; x_wconf 78' lang='lat' dir='ltr'>odoratam</span> <span class='ocrx_word' id='word_1_87' title='bbox 558 2034 773 2071; x_wconf 82' lang='lat' dir='ltr'>nocturna</span> <span class='ocrx_word' id='word_1_88' title='bbox 794 2026 1026 2070; x_wconf 88' lang='lat' dir='ltr'>inlumina</span> <span class='ocrx_word' id='word_1_89' title='bbox 1048 2013 1239 2082; x_wconf 79' lang='lat' dir='ltr'>cedrum,</span> 
     </span>
     <span class='ocr_line' id='line_1_18' title="bbox 181 2098 1145 2157; baseline -0.004 -12"><span class='ocrx_word' id='word_1_90' title='bbox 181 2102 355 2157; x_wconf 80' lang='lat' dir='ltr'>Arguto</span> <span class='ocrx_word' id='word_1_91' title='bbox 377 2107 531 2142; x_wconf 82' lang='lat' dir='ltr'>tenues</span> <span class='ocrx_word' id='word_1_92' title='bbox 552 2113 804 2155; x_wconf 81' lang='lat' dir='ltr'>percurrens</span> <span class='ocrx_word' id='word_1_93' title='bbox 826 2098 1000 2154; x_wconf 79' lang='lat' dir='ltr'>pectine</span> <span class='ocrx_word' id='word_1_94' title='bbox 1022 2098 1145 2141; x_wconf 76' lang='lat' dir='ltr'>telas.</span> 
     </span>
    </p>

    <p class='ocr_par' dir='ltr' id='par_1_11' title="bbox 182 2169 1144 2226">
     <span class='ocr_line' id='line_1_19' title="bbox 182 2169 1144 2226; baseline -0.006 -11"><span class='ocrx_word' id='word_1_95' title='bbox 182 2173 300 2215; x_wconf 84' lang='lat' dir='ltr'>Hine</span> <span class='ocrx_word' id='word_1_96' title='bbox 322 2170 520 2214; x_wconf 80' lang='lat' dir='ltr'>exaudiri</span> <span class='ocrx_word' id='word_1_97' title='bbox 541 2169 732 2226; x_wconf 77' lang='lat' dir='ltr'>gemitus</span> <span class='ocrx_word' id='word_1_98' title='bbox 753 2169 930 2224; x_wconf 82' lang='lat' dir='ltr'>iraeque</span> <span class='ocrx_word' id='word_1_99' title='bbox 953 2169 1144 2223; x_wconf 86' lang='lat' dir='ltr'>leonum,</span> 
     </span>
    </p>

    <p class='ocr_par' dir='ltr' id='par_1_12' title="bbox 182 2238 1356 2436">
     <span class='ocr_line' id='line_1_20' title="bbox 182 2238 1353 2291; baseline -0.006 -7"><span class='ocrx_word' id='word_1_100' title='bbox 182 2242 342 2285; x_wconf 81' lang='lat' dir='ltr'>Vincla</span> <span class='ocrx_word' id='word_1_101' title='bbox 364 2245 647 2283; x_wconf 78' lang='lat' dir='ltr'>recusantum</span> <span class='ocrx_word' id='word_1_102' title='bbox 670 2245 714 2281; x_wconf 83' lang='lat' dir='ltr'>et</span> <span class='ocrx_word' id='word_1_103' title='bbox 737 2253 829 2281; x_wconf 85' lang='lat' dir='ltr'>sera</span> <span class='ocrx_word' id='word_1_104' title='bbox 848 2239 928 2280; x_wconf 86' lang='lat' dir='ltr'>sub</span> <span class='ocrx_word' id='word_1_105' title='bbox 950 2243 1077 2280; x_wconf 83' lang='lat' dir='ltr'>noete</span> <span class='ocrx_word' id='word_1_106' title='bbox 1099 2238 1353 2291; x_wconf 77' lang='lat' dir='ltr'>rudentum,</span> 
     </span>
     <span class='ocr_line' id='line_1_21' title="bbox 184 2307 1220 2369; baseline -0.006 -14"><span class='ocrx_word' id='word_1_107' title='bbox 184 2311 454 2369; x_wconf 71' lang='lat' dir='ltr'>Setigerique</span> <span class='ocrx_word' id='word_1_108' title='bbox 478 2325 574 2353; x_wconf 89' lang='lat' dir='ltr'>sues</span> <span class='ocrx_word' id='word_1_109' title='bbox 598 2315 733 2365; x_wconf 84' lang='lat' dir='ltr'>atque</span> <span class='ocrx_word' id='word_1_110' title='bbox 755 2309 800 2351; x_wconf 87' lang='lat' dir='ltr'>in</span> <span class='ocrx_word' id='word_1_111' title='bbox 824 2308 1107 2365; x_wconf 79' lang='lat' dir='ltr'>praesepibus</span> <span class='ocrx_word' id='word_1_112' title='bbox 1129 2307 1220 2349; x_wconf 90' lang='lat' dir='ltr'>ursi</span> 
     </span>
     <span class='ocr_line' id='line_1_22' title="bbox 185 2378 1356 2436; baseline -0.005 -10"><span class='ocrx_word' id='word_1_113' title='bbox 185 2383 370 2435; x_wconf 79' lang='lat' dir='ltr'>Saevire,</span> <span class='ocrx_word' id='word_1_114' title='bbox 395 2396 446 2424; x_wconf 86' lang='lat' dir='ltr'>ao</span> <span class='ocrx_word' id='word_1_115' title='bbox 468 2381 632 2423; x_wconf 84' lang='lat' dir='ltr'>formae</span> <span class='ocrx_word' id='word_1_116' title='bbox 654 2393 915 2436; x_wconf 83' lang='lat' dir='ltr'>magnorum</span> <span class='ocrx_word' id='word_1_117' title='bbox 936 2379 1104 2420; x_wconf 81' lang='lat' dir='ltr'>ululare</span> <span class='ocrx_word' id='word_1_118' title='bbox 1128 2378 1356 2433; x_wconf 80' lang='lat' dir='ltr'>luporum:</span> 
     </span>
    </p>
   </div>
   <div class='ocr_carea' id='block_1_6' title="bbox 184 2446 1462 2508">
    <p class='ocr_par' dir='ltr' id='par_1_13' title="bbox 184 2446 1462 2508">
     <span class='ocr_line' id='line_1_23' title="bbox 184 2446 1462 2508; baseline -0.006 -12"><span class='ocrx_word' id='word_1_119' title='bbox 184 2455 303 2508; x_wconf 78' lang='lat' dir='ltr'>Quos</span> <span class='ocrx_word' id='word_1_120' title='bbox 323 2451 553 2495; x_wconf 88' lang='lat' dir='ltr'>hominum</span> <span class='ocrx_word' id='word_1_121' title='bbox 575 2465 629 2493; x_wconf 77' lang='lat' dir='ltr'>ex</span> <span class='ocrx_word' id='word_1_122' title='bbox 651 2450 761 2492; x_wconf 81' lang='lat' dir='ltr'>faeie</span> <span class='ocrx_word' id='word_1_123' title='bbox 784 2450 865 2492; x_wconf 85' lang='lat' dir='ltr'>dea</span> <span class='ocrx_word' id='word_1_124' title='bbox 889 2463 1016 2492; x_wconf 79' lang='lat' dir='ltr'>saeva</span> <span class='ocrx_word' id='word_1_125' title='bbox 1038 2447 1293 2505; x_wconf 82' lang='lat' dir='ltr'>potentibus</span> <span class='ocrx_word' id='word_1_126' title='bbox 1316 2446 1462 2489; x_wconf 84' lang='lat' dir='ltr'>herbis</span> 
     </span>
    </p>
   </div>
   <div class='ocr_carea' id='block_1_7' title="bbox 184 2520 1265 2652">
    <p class='ocr_par' dir='ltr' id='par_1_14' title="bbox 184 2520 1265 2652">
     <span class='ocr_line' id='line_1_24' title="bbox 184 2520 1231 2577; baseline -0.007 -8"><span class='ocrx_word' id='word_1_127' title='bbox 184 2522 548 2569; x_wconf 83' lang='lat' dir='ltr'>Induerat-Circe</span> <span class='ocrx_word' id='word_1_128' title='bbox 570 2522 617 2564; x_wconf 87' lang='lat' dir='ltr'>in</span> <span class='ocrx_word' id='word_1_129' title='bbox 638 2522 792 2564; x_wconf 87' lang='lat' dir='ltr'>vultus</span> <span class='ocrx_word' id='word_1_130' title='bbox 813 2535 863 2563; x_wconf 85' lang='lat' dir='ltr'>ac</span> <span class='ocrx_word' id='word_1_131' title='bbox 887 2526 1010 2577; x_wconf 85' lang='lat' dir='ltr'>terga</span> <span class='ocrx_word' id='word_1_132' title='bbox 1030 2520 1231 2562; x_wconf 73' lang='lat' dir='ltr'>ferarum,</span> 
     </span>
     <span class='ocr_line' id='line_1_25' title="bbox 184 2590 1265 2652; baseline -0.007 -12"><span class='ocrx_word' id='word_1_133' title='bbox 184 2598 306 2652; x_wconf 82' lang='lat' dir='ltr'>Quae</span> <span class='ocrx_word' id='word_1_134' title='bbox 328 2609 382 2638; x_wconf 88' lang='lat' dir='ltr'>ne</span> <span class='ocrx_word' id='word_1_135' title='bbox 404 2598 602 2637; x_wconf 79' lang='lat' dir='ltr'>monstra</span> <span class='ocrx_word' id='word_1_136' title='bbox 624 2593 688 2650; x_wconf 84' lang='lat' dir='ltr'>pii</span> <span class='ocrx_word' id='word_1_137' title='bbox 708 2597 964 2650; x_wconf 79' lang='lat' dir='ltr'>paterentur</span> <span class='ocrx_word' id='word_1_138' title='bbox 985 2590 1095 2634; x_wconf 88' lang='lat' dir='ltr'>talia</span> <span class='ocrx_word' id='word_1_139' title='bbox 1117 2590 1265 2645; x_wconf 85' lang='lat' dir='ltr'>Troes,</span> 
     </span>
    </p>
   </div>
   <div class='ocr_carea' id='block_1_8' title="bbox 1548 1816 1605 1858">
    <p class='ocr_par' dir='ltr' id='par_1_15' title="bbox 1548 1816 1605 1858">
     <span class='ocr_line' id='line_1_26' title="bbox 1548 1816 1605 1858; baseline 0.018 -1"><span class='ocrx_word' id='word_1_140' title='bbox 1548 1816 1605 1858; x_wconf 89' lang='grc'>10</span> 
     </span>
    </p>
   </div>
   <div class='ocr_carea' id='block_1_9' title="bbox 1559 2168 1614 2209">
    <p class='ocr_par' dir='ltr' id='par_1_16' title="bbox 1559 2168 1614 2209">
     <span class='ocr_line' id='line_1_27' title="bbox 1559 2168 1614 2209; baseline 0.036 -2"><span class='ocrx_word' id='word_1_141' title='bbox 1559 2168 1614 2209; x_wconf 89' lang='grc'>15</span> 
     </span>
    </p>
   </div>
   <div class='ocr_carea' id='block_1_10' title="bbox 1557 2517 1616 2559">
    <p class='ocr_par' dir='ltr' id='par_1_17' title="bbox 1557 2517 1616 2559">
     <span class='ocr_line' id='line_1_28' title="bbox 1557 2517 1616 2559; baseline 0.017 -1"><span class='ocrx_word' id='word_1_142' title='bbox 1557 2517 1616 2559; x_wconf 83' lang='grc'>20</span> 
     </span>
    </p>
   </div>
  </div>
 </body>
</html>
