1731 2923
587 130 817 161 AENEIDos
850 131 935 161 LIB.
973 132 1038 162 111.
1476 127 1534 169 59

107 236 192 280 Hic
214 237 479 280 incredibilis
503 251 648 280 rerum
667 237 786 280 fama
807 244 994 295 occupat
1017 253 1156 295 aures,

104 308 355 352 Priamiden
377 309 601 351 Helenum
624 308 779 352 Graias
801 324 978 365 regnare
1002 325 1079 366 per
1099 311 1241 366 urbes,
1446 314 1534 357 295

105 380 320 437 Oonjugio
342 380 562 423 Aeacidae
585 381 743 437 Pyrrhi
765 381 1035 437 sceptrisque
1059 382 1268 438 potitum,

104 450 165 493 Et
187 451 330 508 patrio
353 450 693 493 Andromachen
715 451 875 493 iterum
898 451 1072 494 cessisse
1095 451 1266 495 marito.

106 520 345 577 Obstupui,
370 521 567 577 miroque
586 521 814 564 incensum
836 528 991 579 pectus
1013 537 1171 578 amore,

104 591 379 649 Compellare
401 592 545 635 virum
567 597 611 635 et
635 607 761 636 casus
784 607 1036 650 cognoscere
1059 599 1218 638 tantos

106 662 362 720 Progredior
382 668 527 720 portu,
552 664 710 707 classes
732 669 777 706 et
799 664 930 706 litora
950 665 1168 720 linquens,
1444 665 1533 707 300

104 733 327 777 Solemnes
349 748 486 789 quum
507 734 617 776 forte
639 735 772 790 dapes
795 740 839 777 et
862 734 1007 778 tristia
1028 736 1142 778 dona

102 803 224 846 Ante
246 798 399 846 urbem
420 804 466 846 in
488 804 585 847 luco
606 804 707 848 falsi
731 804 965 848 Simoentis
986 806 1043 848 ad
1064 806 1231 847 undam

101 873 291 916 Libabat
315 874 447 916 cineri
469 874 790 930 Andromache,
816 875 1054 931 Manesque
1076 876 1261 918 vocabat

101 943 371 986 Hectoreum
392 944 449 986 ad.
470 944 710 999 tumulum,
730 944 857 987 viridi
878 941 1010 1000 qu'em
1031 946 1195 1001 cespite
1215 946 1392 989 inanem

100 1013 163 1056 Et
184 1014 394 1070 geminas,
420 1029 598 1057 causam
619 1014 822 1070 lacrimis,
848 1021 1093 1058 sacraverat
1115 1031 1222 1060 araS.
1437 1018 1527 1061 305

101 1084 168 1127 Ut
190 1099 260 1127 me
282 1085 510 1142 conspexit
533 1085 784 1128 venientem
805 1090 850 1128 et
876 1085 1008 1128 Troia
1031 1085 1196 1128 circum
1252 1096 1255 1097 ’

100 1154 239 1196 Arma
260 1169 409 1198 amens
430 1155 541 1198 vidit
558 1170 569 1210 3
603 1155 776 1212 magnis
798 1155 1009 1198 exterrita
1025 1156 1230 1199 monstris

102 1223 308 1281 Deriguit
330 1225 427 1268 visu
447 1225 494 1268 in
514 1226 670 1282 medio,
694 1226 808 1269 calor
830 1241 924 1269 ossa
946 1226 1137 1282 reliquit,

99 1295 299 1351 Labitur,
325 1301 369 1339 et
391 1297 518 1354 longo
540 1297 616 1339 vix
638 1297 821 1339 tandem
842 1302 1037 1353 tempore
1059 1297 1205 1341 fatur:

101 1365 129 1386 ‘⁶
147 1366 321 1409 Verane
343 1372 390 1409 te
412 1366 559 1423 facies,
583 1382 710 1410 verus
732 1368 841 1410 mihi
861 1368 1044 1410 nuntius
1066 1367 1206 1424 affers,
1441 1369 1530 1412 310

102 1435 131 1456 “
149 1435 266 1479 Nate
288 1437 371 1479 dea
386 1438 408 1480 Ρ
442 1437 607 1480 vivisne
622 1439 643 1482 ?
679 1443 772 1493 aut,
797 1438 833 1480 si
855 1439 933 1480 lux
954 1438 1071 1480 alma
1092 1438 1286 1494 recessit,

102 1506 129 1526 ‘⁶
148 1506 317 1550 Hector
336 1508 414 1550 ubi
435 1514 501 1550 est
516 1510 538 1551 P
555 1510 580 1527 ''
631 1508 775 1563 Dixit,
798 1508 1086 1564 lacrimasque
1108 1508 1265 1551 effudit
1287 1514 1332 1551 et
1354 1524 1528 1552 omnem

101 1577 311 1633 Implevit
334 1578 520 1620 clamore
542 1578 700 1622 locum.
765 1577 857 1620 Vix
879 1593 1021 1633 pauca
1041 1579 1209 1620 furenti

102 1648 293 1704 Subjicio
317 1653 362 1690 et
386 1648 490 1691 raris
513 1649 719 1691 turbatus
741 1648 917 1690 vocibus
939 1648 1057 1690 hisco
1077 1663 1086 1691 :

101 1718 261 1761 “Vivo
283 1719 500 1775 equidem,
523 1718 750 1774 vitamque
774 1724 972 1760 extrema
995 1733 1071 1775 per
1092 1718 1238 1761 omnia
1259 1719 1381 1762 duco.
1439 1720 1525 1763 315

102 1789 130 1810 ‘⁶
149 1789 220 1832 Ne
243 1789 425 1833 dubita:
461 1804 566 1831 nam
587 1804 690 1831 vera
711 1789 845 1832 vides.

102 1861 129 1881 ‘⁶
144 1859 260 1916 Heu,
285 1861 382 1916 quis
405 1866 449 1903 te
466 1875 592 1904 casus
614 1860 832 1916 dejectam
853 1860 1036 1917 conjuge
1061 1865 1187 1902 tanto

102 1931 129 1951 “
143 1930 340 1987 Excipit,
365 1936 444 1973 aut
467 1945 579 1986 quae
602 1931 734 1987 digna
756 1930 861 1973 satis
882 1930 1058 1973 fortuna
1081 1930 1228 1972 revisit
1248 1931 1270 1973 Ρ

102 2001 130 2022 ‘⁶
145 2001 347 2044 Hectoris
369 2001 675 2044 Andromache
698 2001 898 2057 Pyrrhin'
923 2001 1139 2043 connubia
1162 2016 1302 2044 servas
1318 2002 1338 2045 Ρ
1352 2002 1378 2019 ”
1398 2032 1405 2036 x

103 2072 273 2129 DeJecit
297 2073 473 2115 vultum
494 2078 538 2115 et
561 2073 749 2115 demissa
771 2087 874 2115 voce
897 2072 1046 2114 locuta
1069 2077 1134 2114 est
1154 2086 1166 2126 3
1440 2073 1528 2115 320

82 2143 130 2164 '“
151 2144 188 2186 O
213 2143 318 2186 felix
338 2157 428 2184 una
450 2149 553 2185 ante
576 2143 684 2185 alias
707 2136 936 2185 Priameia
950 2143 1086 2199 virgo,

103 2213 130 2235 ‘⁶
149 2214 370 2257 Hostilem
391 2215 449 2256 ad.
470 2214 694 2256 tumulum
717 2213 870 2268 Trojae
893 2214 973 2255 sub
995 2213 1222 2255 moenibus
1245 2212 1349 2254 altis

105 2285 131 2307 ‘⁶
148 2285 282 2328 Jussa
303 2285 427 2340 mori,
452 2299 564 2340 quae
588 2284 766 2327 sortitus
788 2299 875 2326 non
897 2284 1082 2340 pertulit
1104 2283 1233 2338 ullos,

105 2355 239 2398 “Nec
262 2355 437 2398 victoris
458 2355 550 2397 hcri
571 2354 721 2411 tetigit
744 2354 918 2410 captiva
940 2353 1080 2396 cubile
1099 2357 1107 2397 !

105 2426 131 2447 ‘⁶
150 2426 259 2482 Nos,
282 2426 428 2483 patria
449 2426 640 2480 incensa,
665 2425 834 2468 diversa
856 2439 931 2480 per
952 2438 1140 2480 aequora
1161 2428 1328 2478 vectae,
1442 2424 1529 2467 325

105 2496 132 2517 ‘⁴
153 2497 310 2553 Stirpis
330 2496 558 2540 Achilleae
580 2496 720 2538 fastus
738 2495 1033 2552 juvenemque
1056 2494 1307 2551 superbum,

105 2567 134 2589 “
154 2568 337 2612 servitio
360 2568 524 2625 enixae,
549 2568 744 2610 tulimus.
811 2566 897 2620 Qui
918 2566 1088 2621 deinde,
1114 2570 1290 2608 secutus
