1778 2937
142 159 202 203 30
640 166 872 198 AENEIDos
904 167 991 197 Lm.
1025 166 1073 197 11.

143 279 171 301 “
188 278 414 335 Flagitat:
450 281 495 320 et
517 275 627 319 mihi
643 275 738 332 jam
761 274 893 317 multi
915 274 1085 317 crudele
1107 273 1324 317 canebant

146 350 174 372 “
194 349 392 393 Artificis
415 348 570 403 scelus,
595 352 638 389 et
662 346 789 389 taciti
811 350 998 388 ventura
1020 344 1243 387 videbant.
1489 342 1575 386 125

142 421 168 442 “
190 421 268 463 Bis
292 420 444 476 quinos
467 419 565 461 silet
590 418 661 460 ille
685 417 788 472 dies,
814 421 1045 471 tectusque
1069 419 1240 456 recusat

143 492 168 512 “
190 491 378 534 Prodere
401 504 503 532 voce
527 504 605 531 sua
627 501 895 544 quemquam
918 490 997 528 aut
1021 499 1236 541 opponere
1255 484 1413 538 mortig

141 562 168 582 ‘⁶
189 562 279 604 Vix
303 562 484 603 tandem
507 559 677 615 magnis
702 558 848 600 Ithaci
871 556 1130 599 clamoribus
1153 561 1291 611 actus,

144 634 170 653 ‘⁶
191 633 443 689 Composito
462 631 628 686 rumpit
650 644 798 672 vocem
822 634 866 671 et
890 642 958 669 me
980 628 1177 670 destinat
1201 641 1311 670 arae.

141 703 169 725 “
186 704 420 746 Assensere
443 716 607 756 01111100,
632 705 691 755 et7
711 714 821 755 quae
845 699 927 741 sibi
950 699 1134 754 quisque
1157 698 1358 752 timebat,
1487 697 1575 738 130

140 773 168 794 “
192 774 336 817 Unius
358 774 403 814 in
424 772 570 814 miseri
593 770 779 813 exitium
802 783 1006 812 conversa
1031 768 1180 811 tulere.

139 845 168 866 “
186 845 380 900 Jamque
403 843 493 886 dies
510 841 691 885 infanda
713 841 892 886 aderat:
926 840 1037 882 mihi
1060 854 1181 882 sacra
1205 838 1362 896 parari,

138 915 167 937 ‘⁶
187 916 249 958 Et
272 916 410 958 salsae
432 914 592 970 fruges,
617 917 662 956 et
684 912 850 955 circum
872 917 1069 968 tempora
1091 910 1241 954 vittae.

138 987 166 1007 ‘⁶
185 986 618 1043 Eripui—fateor-leto
639 998 708 1026 me
731 989 776 1026 et
797 983 973 1026 vincula
993 982 1107 1039 rupi,

138 1057 165 1078 “
183 1057 444 1113 Limosoque
467 1057 567 1098 lacu
589 1070 665 1112 per
682 1059 859 1098 noctem
881 1054 1089 1097 obscurus
1111 1053 1158 1096 in
1179 1053 1283 1095 ulva
1488 1052 1574 1096 135

137 1128 166 1151 ‘⁶
185 1128 368 1184 Dolitui,
392 1129 500 1171 dum
522 1128 632 1182 vela,
657 1127 812 1169 darent
836 1125 872 1168 si
893 1125 1015 1181 forte,
1039 1125 1274 1168 dedissent.

139 1201 168 1223 “
188 1201 229 1243 N
235 1216 280 1244 ec
303 1201 411 1243 mihi
427 1200 521 1256 jam
545 1199 737 1256 patriam
759 1198 992 1254 antiquam
1015 1211 1112 1253 spes
1133 1197 1225 1238 ulla
1246 1194 1439 1250 videndi,

138 1270 165 1293 ‘⁶
183 1271 276 1313 Nec
301 1271 448 1313 dulces
471 1277 596 1313 natos
618 1275 966 1326 exoptatumque
989 1272 1240 1324 parentem3

140 1340 167 1361 ‘⁶
185 1341 302 1395 Quos
326 1341 388 1382 illi
411 1341 494 1383 sors
518 1347 563 1382 et
586 1354 747 1396 poenas
771 1340 824 1381 ob
847 1344 996 1381 nostra
1020 1342 1246 1394 reposcent

138 1411 165 1432 ‘⁶
185 1410 379 1468 Effugia,
404 1418 448 1454 et
471 1412 649 1467 culpam
673 1411 787 1453 hanc
811 1411 1066 1453 miserorum
1087 1415 1227 1452 morte
1249 1409 1448 1466 piabunt.
1485 1408 1572 1451 140

137 1481 165 1502 “
185 1483 311 1536 Quod
336 1489 379 1525 tc
402 1497 478 1539 per
501 1497 677 1539 superos
700 1487 744 1524 et
768 1481 938 1524 conseia
959 1481 1144 1523 numina
1165 1480 1268 1536 veri,

137 1552 163 1572 ‘⁶
186 1552 283 1608 Per,
308 1553 343 1595 si
367 1567 455 1608 qua
479 1558 560 1607 est,
585 1566 698 1608 quae
721 1557 854 1594 restet
877 1551 1020 1594 adhuc
1043 1550 1302 1594 mortalibus
1325 1565 1531 1608 usquam,

135 1621 163 1643 ‘⁴
182 1623 454 1665 Intemerata
476 1623 597 1678 fides,
622 1637 706 1678 oro,
730 1621 932 1665 miserere
952 1622 1152 1665 laborum

136 1692 165 1714 “
183 1693 429 1736 Tantorum
445 1707 456 1748 3
491 1694 692 1736 miserere
715 1693 852 1735 animi
874 1707 961 1735 non
982 1693 1116 1750 digna
1137 1692 1359 1736 ferentis.”

99 1805 106 1811 ,,
136 1763 218 1807 His
239 1763 430 1806 lacrimis
451 1763 593 1806 vitam
615 1764 785 1819 damus,
810 1769 855 1806 et
877 1762 1197 1806 miserescimus
1218 1763 1346 1807 ultro.
1483 1762 1571 1808 145

136 1835 238 1891 Ipse
261 1835 351 1877 viro
373 1834 539 1890 primus
561 1834 757 1877 manicas
779 1839 913 1890 atque
935 1838 1034 1876 arta
1055 1833 1191 1875 levari

135 1906 296 1949 Vincla
312 1905 440 1961 jubet
464 1905 680 1960 Priamus,
705 1905 921 1961 dictisque
943 1904 1008 1946 ita
1029 1904 1151 1946 fatur
1172 1904 1323 1947 amicis
1345 1919 1355 1948 ε

134 1975 162 1998 “
182 1976 390 2032 Quisquis
413 1967 470 2030 00,
495 1975 673 2018 amissos
695 1975 796 2018 hinc
813 1974 909 2031 jam
931 1975 1180 2018 obliviscere
1204 1974 1386 2020 Graios:

135 2048 162 2069 “
182 2049 344 2091 Noster
366 2048 464 2103 eris3
482 2047 675 2103 mihique
698 2047 805 2090 haee
828 2047 1011 2090 edissere
1033 2062 1134 2090 vcra
1157 2048 1353 2103 roganti3
1482 2047 1567 2091 149

134 2119 162 2142 ‘⁴
182 2120 277 2174 Quo
298 2119 461 2162 molem
482 2119 594 2161 hanc
618 2118 826 2161 immanis
847 2118 948 2174 equi
971 2123 1165 2162 statuere
1180 2120 1202 2162 Ρ
1236 2118 1335 2174 quis
1358 2124 1511 2162 auctor
1524 2119 1546 2162 ?

136 2190 163 2211 ‘⁶
185 2190 353 2244 Quidve
377 2194 538 2246 petunt
554 2190 575 2233 Ρ
611 2202 724 2245 quae
748 2188 908 2245 religi0‚
933 2194 1012 2231 aut
1035 2203 1148 2245 quae
1169 2188 1375 2232 machina
1395 2189 1501 2238 belli
1515 2191 1567 2233 ,9¹¹

135 2261 332 2305 Dixerat.
394 2260 491 2316 Ille,
517 2259 626 2302 dolis
647 2259 890 2302 instructus
913 2265 957 2301 et
979 2264 1073 2302 arte
1096 2260 1295 2317 Pelasga,

135 2333 326 2376 Sustulit
349 2338 505 2375 exutas
527 2331 681 2374 vinclis
703 2331 760 2374 ad
783 2331 925 2374 sidera
948 2332 1116 2387 palmas
1133 2346 1144 2386 ;

135 2403 162 2423 “
182 2403 287 2459 Vos,
308 2403 472 2446 aeterni
494 2403 628 2460 ignes,
653 2408 698 2445 et
721 2417 805 2446 non
832 2403 1029 2445 violabile
1051 2407 1245 2448 vestrum

135 2473 162 2494 “
181 2473 336 2516 Testor
357 2488 520 2516 numen
534 2475 558 2492 '’
582 2474 660 2528 ait,
692 2473 719 2494 “
735 2488 823 2529 vos,
848 2488 946 2515 arae
969 2487 1175 2529 ensesque
1198 2472 1389 2529 nefandi,
1481 2474 1565 2518 155

135 2543 161 2563 “
182 2544 297 2598 Quos
321 2543 430 2601 fugi,
454 2545 679 2600 vittaeque
702 2544 849 2599 deum,
874 2557 983 2600 quas
1007 2543 1149 2585 hostia
1170 2543 1307 2600 gessi:

139 2614 162 2637 ’Ὗ
180 2615 268 2659 Fas
285 2615 396 2659 mihi
418 2615 651 2660 Graiorum
673 2621 843 2658 sacrata
866 2615 1074 2659 resolvere
1089 2615 1204 2672 jura,
