1731 2923
615 142 844 174 AENEIDOS
877 147 962 178 LIB.
999 149 1058 180 VI.
1480 150 1564 193 145

134 241 161 263 ‘'‘
178 243 317 287 Eruet
339 245 412 288 ille
434 246 576 303 Argos
597 248 1058 312 Agamemnoniasque
1083 259 1306 318 Mycenas,

132 312 416 372 “Ipsumque
439 317 676 376 Aeaciden,
702 337 838 378 genus
862 327 1167 384 armipotentis
1191 332 1373 391 Achilli,

131 384 157 405 “
178 384 313 428 Ultus
336 402 437 430 avos
461 388 626 446 Trojae,
652 395 819 449 templa
842 401 886 438 et
910 402 1127 443 temerata
1151 402 1386 450 Minervae.
1473 410 1561 452 840

128 454 156 474 ‘⁶
172 455 279 508 Quis
302 461 363 512 te,
387 473 544 515 magne
569 461 694 518 Cato,
720 465 920 522 tacitum,
946 474 1024 510 aut
1049 476 1106 526 te,
1133 473 1277 530 Cosse,
1303 478 1557 534 relinquat?

127 524 153 544 ⁴‘
174 525 281 578 Quis
305 527 494 573 Gracchi
515 547 666 589 genus,
693 542 770 578 aut
793 539 1000 596 geminos,
1025 543 1111 586 duo
1134 544 1322 590 fulmina
1345 549 1464 607 belli,

125 596 152 616 ‘⁶
173 597 410 655 Scipiadas,
437 602 604 645 cladem
626 605 808 662 Libyae,
834 624 1052 668 parvoque
1074 622 1304 670 potentem

109 665 435 726 ,ECFabriciunn
459 673 528 715 vel
552 679 595 716 te
620 677 752 732 sulco,
781 679 975 737 Sei-rane,
1000 690 1214 728 serentem
1230 690 1251 731 Ρ

123 736 150 756 “
171 738 265 790 Quo
287 740 451 784 fessum
472 745 640 801 rapitis,
665 747 795 791 Fabii
815 752 836 793 Ρ
904 752 975 795 Tu
998 754 1221 801 Maximus
1244 760 1317 803 ille
1341 777 1398 818 es,
1464 766 1551 809 845

121 808 148 828 ‘⁶
169 808 299 853 Unus
321 813 398 868 qui
419 816 542 859 nobis
566 821 814 864 cunctando
838 823 1031 869 restituis
1055 843 1157 873 rem.

120 879 147 900 ‘⁶
165 880 403 926 Excudent
428 886 504 928 alii
525 888 737 944 spirantia
759 894 938 952 mollius
957 911 1067 953 aera,

118 949 146 969 ‘⁶
166 950 306 994 Credo
330 954 547 1010 equidem,
573 958 691 1002 vivos
714 962 879 1021 ducent
902 965 955 1007 de
978 981 1192 1013 marmore
1218 974 1381 1029 vultus,

117 1019 145 1040 ‘⁶
165 1020 366 1066 Orabunt
389 1039 540 1069 causas
563 1029 739 1085 melius,
764 1033 957 1090 coelique
980 1044 1153 1082 meatus

115 1090 143 1111 ‘⁴
161 1091 419 1138 Describent
441 1098 560 1141 radio
583 1105 627 1142 et
650 1105 874 1159 surgentia
897 1106 1036 1150 sidera
1058 1110 1205 1155 dicent
1222 1127 1234 1167 ;
1457 1120 1545 1163 850

113 1161 142 1182 ‘⁶
161 1162 233 1205 Tu
254 1178 400 1221 regere
422 1167 603 1225 imperio
624 1174 822 1230 populos,
849 1175 1060 1235 Romane,
1088 1190 1311 1229 memento
1330 1201 1340 1230 :

112 1232 140 1253 ‘⁶
159 1232 256 1278 Hae
278 1236 360 1279 tibi
382 1245 510 1282 erunt
533 1246 660 1299 artes,
685 1246 893 1304 pacisque
915 1249 1136 1307 imponere
1159 1270 1338 1313 morem,

112 1303 139 1324 ‘⁶
156 1304 339 1350 Parcere
362 1310 583 1368 subjectis,
608 1319 653 1357 et
676 1317 892 1362 debellare
915 1324 1163 1378 superbos.”

110 1375 180 1418 Sic
202 1383 328 1433 pater
348 1380 576 1440 Anchises,
601 1392 737 1443 atque
759 1389 863 1434 haec
887 1393 1149 1440 mirantibus
1171 1400 1322 1445 addit:

109 1445 135 1466 ‘⁶
150 1447 357 1507 Adspice,
382 1458 434 1495 ut
455 1454 636 1512 insignis
659 1460 807 1515 spoliis
830 1462 1066 1509 Marcellus
1089 1470 1246 1525 opimis
1449 1475 1535 1519 855

106 1516 134 1538 ⁴“
150 1519 416 1579 Ingreditur,
440 1525 663 1583 Victorque
685 1530 796 1574 viros
819 1537 1112 1590 supereminet
1135 1546 1310 1586 omnes!

106 1587 133 1608 ‘⁴
151 1588 239 1632 Hic
264 1605 353 1634 rem
377 1593 636 1653 Romanam,
661 1613 821 1656 magno
844 1605 1054 1648 turbante
1076 1611 1290 1666 tumultu,

105 1658 130 1679 “
149 1660 299 1716 Sistet,
325 1677 457 1719 eques
482 1671 646 1711 sternet
670 1670 836 1714 Poenos
861 1673 1132 1733 Gallumque
1156 1681 1374 1739 rebellem,

104 1729 131 1749 ‘⁴
152 1730 390 1789 Tertiaque
413 1750 534 1779 arma
556 1740 672 1794 patri
693 1745 930 1798 suspendet
954 1754 1084 1803 capta
1109 1750 1330 1803 Quirino.’'

101 1800 251 1857 Atque
274 1803 343 1846 hic
366 1805 653 1852 Aeneas-una
675 1826 867 1869 namque
889 1815 948 1857 irc
970 1818 1150 1863 videbat
1442 1827 1531 1870 860

100 1872 339 1931 Egregium
360 1877 497 1921 forma
512 1880 720 1936 juvenem
743 1890 788 1927 et
810 1886 1084 1944 fulgentibus
1106 1893 1259 1952 armis,⁵

101 1943 185 1986 Sed
206 1945 323 1989 frons
340 1947 456 1992 laeta
477 1965 649 2009 parum,
674 1960 719 1997 et
741 1956 909 2012 dejecto
931 1960 1103 2004 lumina
1125 1965 1294 2010 vultu-t

99 2013 127 2034 ‘⁴
147 2014 267 2071 Quis,
291 2023 429 2075 pater,
452 2020 540 2077 ille,
564 2022 708 2066 virum
731 2027 807 2081 qui
829 2028 889 2071 sic
912 2031 1153 2076 comitatur
1174 2042 1353 2079 euntem
1369 2040 1391 2082 Ρ

99 2083 125 2104 “
139 2085 294 2142 Filius,
320 2104 432 2132 anne
455 2092 614 2148 aliquis
638 2109 799 2152 magna
821 2098 874 2140 de
897 2100 1031 2157 stirpe
1053 2110 1264 2160 nepotum
1280 2109 1302 2150 Ρ

97 2154 126 2175 “
143 2156 228 2209 Qui
245 2160 454 2215 strepitus
468 2163 580 2205 circa
594 2166 805 2208 comitum
824 2172 832 2212 Ξ
858 2177 1076 2225 quantum
1092 2174 1232 2218 instar
1244 2177 1289 2219 in
1304 2178 1397 2234 ipso
1415 2182 1522 2224 1865

97 2225 125 2246 “
143 2226 230 2269 Sed
252 2242 338 2270 nox
359 2235 456 2272 atra
479 2239 613 2288 caput
636 2235 753 2278 tristi
777 2237 1059 2287 circumvolat
1083 2246 1281 2289 umbra.”

95 2294 211 2337 Tum
232 2303 358 2353 pater
378 2299 609 2357 Anchises,
633 2304 823 2348 lacrimis
845 2307 1064 2364 ingressus
1086 2313 1247 2358 obortis
1268 2331 1277 2359 ε

94 2366 121 2387 “
143 2366 180 2410 Ο
206 2375 352 2425 gnate,
377 2371 601 2427 ingentem
622 2374 796 2417 luctum
818 2392 872 2420 ne
896 2394 1053 2434 quaere
1076 2388 1264 2429 tuorum.

93 2436 121 2457 “
138 2437 384 2483 Ostendent
407 2443 532 2486 terris
553 2444 670 2488 hunc
694 2451 873 2490 tantum
895 2450 1002 2506 fata,
1026 2467 1167 2509 neque
1190 2457 1306 2499 ultra

93 2506 246 2551 “Esse
268 2509 425 2556 sinent.
491 2513 694 2557 Nimium
718 2518 836 2560 vobis
860 2519 1058 2564 Romana
1081 2539 1274 2582 propago
1426 2528 1515 2575 870

91 2576 119 2597 “
139 2576 247 2621 Visa
270 2586 436 2637 potens,
462 2585 621 2641 superi,
647 2587 817 2643 propria
841 2588 947 2633 haec
972 2591 1008 2633 si
1029 2593 1143 2636 dona
1163 2595 1359 2643 fuissent.
