1731 2923
596 143 827 173 AENmnos
861 145 948 175 Lm.
984 145 1026 175 v.
1460 135 1547 181 105
1582 169 1585 171 »

206 251 330 308 Post,
349 251 427 294 ubi
448 250 636 294 confecti
657 265 821 308 cursus,
845 257 890 294 et
912 252 1026 294 dona
1048 252 1242 309 peregit:

116 320 143 342 ‘⁴
162 321 206 363 N
209 336 309 378 unc,
335 322 369 365 si
391 322 463 365 cui
484 322 624 364 virtus
646 322 907 379 animusque
929 323 975 365 in
997 329 1169 379 pectore
1191 338 1407 380 praesens,

113 391 293 434 “Adsit
317 398 361 435 et
384 392 566 434 evinctis
589 393 768 435 attollat
790 393 968 436 brachia
992 393 1192 449 palmis.'’

109 462 179 505 Sic
203 463 280 517 ait,
306 469 350 505 et
373 462 598 519 geminum
621 477 794 519 pugnae
816 464 1019 520 proponit
1043 464 1275 508 honorem:
1451 467 1543 510 365

111 532 283 576 Victori
305 534 503 576 velatum
524 548 627 576 auro
650 534 860 590 vittisque
877 535 1118 590 juvencum
1138 549 1149 589 ;

110 603 276 648 Ensem
294 595 432 660 'atque
454 604 673 661 insignem
695 605 867 661 galeam
890 605 1044 648 solatia
1067 606 1195 649 victo.

109 675 152 716 N
157 690 203 718 ec
226 690 347 718 mora
367 691 378 731 ;
413 677 621 732 continuo
643 678 778 720 vastis
801 693 903 720 eum
926 677 1090 721 viribus
1113 678 1237 722 effert

106 745 195 789 Ora
220 747 358 790 Dares
381 763 629 805 magnoque
651 748 795 791 vir-sim
818 763 861 791 se
882 763 1105 791 murmure
1128 749 1261 805 tollit,

111 817 238 860 Solus
260 818 337 873 qui
360 818 564 861 Paridem
587 818 740 861 solitus
762 820 1020 862 contendere
1043 825 1205 876 contra,
1451 819 1540 865 370

107 887 320 944 Idemque
342 889 398 931 ad
421 889 659 944 tumulum,
686 903 770 944 quo
793 890 1013 932 maximus
1035 891 1219 932 occubat
1243 890 1421 947 Hector,

107 958 333 1001 Victorem
358 959 506 1002 Buten
527 959 712 1001 immani
733 974 919 1015 corpore,
944 960 1020 1015 qui
1043 974 1086 1002 se

107 1029 321 1085 Bebrycia
344 1029 518 1072 veniens
541 1029 705 1085 Amyci
726 1030 779 1072 de
802 1034 932 1085 gente
955 1030 1138 1085 ferebat,

104 1100 300 1142 Perculit
325 1105 368 1142 et
390 1100 512 1146 fulva
533 1099 846 1142 moribundum
867 1101 1068 1143 extendit
1091 1115 1233 1145 arena.

105 1171 225 1213 Talis
248 1171 390 1227 prima
414 1171 552 1213 Dares
575 1177 711 1227 caput
734 1171 877 1213 altum
898 1171 944 1213 in
967 1171 1128 1228 proelia
1151 1172 1283 1228 tollit,
1445 1174 1533 1217 375

99 1238 394 1297 Ostenditque
416 1241 618 1284 humeros
640 1242 764 1297 latos,
789 1242 1044 1298 alternaque
1061 1242 1204 1298 jactat

99 1311 285 1354 Brachia
308 1313 584 1368 protendens,
613 1318 658 1354 et
681 1313 878 1355 verberat
900 1312 1059 1356 ictibus
1082 1328 1226 1356 auras„

101 1381 338 1435 Quaeritur
358 1381 461 1424 huic
484 1382 608 1438 alius,
632 1397 710 1424 nee
733 1382 969 1438 quisquam
992 1397 1045 1425 ex
1068 1384 1242 1440 agmine
1266 1389 1390 1427 tanto

96 1451 248 1495 Audet
272 1453 389 1495 adire
410 1452 555 1494 virum
576 1452 865 1508 manibusque
887 1454 1092 1496 inducere
1114 1460 1270 1497 cestus.

98 1523 214 1579 Ergo
237 1515 403 1577 alacris,
430 1528 697 1578 cunctosque
720 1531 883 1579 putans
906 1525 1109 1566 excedere
1132 1525 1292 1580 palma,
1439 1526 1530 1568 380

96 1593 276 1635 Aeneae
299 1593 424 1635 stetit
446 1599 548 1635 ante
572 1594 718 1649 pedes,
743 1608 822 1635 nec
840 1594 967 1650 plura
988 1599 1181 1637 moratus
1201 1608 1211 1648 3

96 1664 213 1706 Tum
236 1664 359 1706 laeva
381 1669 561 1706 taurum
584 1679 718 1706 cornu
741 1670 876 1720 tenet,
902 1670 1035 1720 atque
1057 1665 1121 1707 ita
1142 1665 1285 1709 fatur:

97 1733 125 1753 “
145 1733 264 1776 Nate
286 1734 381 1788 dea,
406 1734 441 1775 si
459 1748 584 1775 nemo
605 1734 740 1776 audet
765 1747 809 1775 se
833 1735 1003 1776 eredere
1027 1748 1213 1790 pugnae,

94 1803 123 1825 ‘⁴
142 1804 264 1857 Quae
286 1804 386 1847 finis
409 1804 592 1847 standi?
628 1818 713 1860 quo
735 1818 804 1846 me
826 1805 949 1847 decet
973 1820 1109 1861 usque
1134 1805 1269 1847 teneri
1288 1806 1309 1849 ?

95 1877 123 1899 ‘⁶
142 1878 314 1920 Ducere
337 1878 450 1920 dona
468 1877 614 1933 jube.”
680 1877 843 1921 Cuncti
866 1878 997 1920 simul
1018 1892 1087 1921 ore
1109 1879 1354 1922 fremebant
1438 1881 1526 1924 385

96 1947 391 2003 Dardanidae,
416 1948 622 2004 reddique
644 1948 734 1991 viro
757 1948 966 2005 promissa
983 1948 1213 2004 jubebant.

92 2018 180 2061 Hic
204 2019 348 2076 gravis
370 2019 602 2061 Entellum
623 2019 754 2062 dictis
777 2019 964 2076 castigat
989 2020 1187 2077 Acestes,

92 2088 328 2131 Proximus
349 2094 402 2131 ut
423 2088 641 2131 viridante
664 2096 757 2131 toro
779 2090 1031 2132 consederat
1055 2090 1214 2132 herbae
1234 2105 1243 2134 :

92 2158 120 2180 ‘⁶
142 2159 338 2214 Entelle,
360 2159 542 2200 heroum
565 2160 786 2214 quondam
806 2159 1041 2201 fortissime
1062 2160 1238 2216 frustra,

91 2227 122 2250 ‘⁶
144 2229 347 2270 Tantane
370 2233 465 2270 tam
487 2228 659 2284 patiens
680 2229 802 2270 nullo
823 2229 1059 2270 certamine
1082 2229 1178 2271 tolli
1435 2230 1523 2273 390

92 2299 119 2320 ‘⁴
140 2299 269 2341 Dona
292 2299 405 2342 sines
425 2300 445 2342 Ρ
513 2298 606 2341 Ubi
628 2313 744 2340 nune
766 2298 890 2340 nobis
913 2299 1019 2340 deus
1041 2298 1114 2340 ille
1136 2298 1357 2354 magister,

91 2369 118 2391 “
137 2370 451 2426 Nequidquam
474 2373 740 2410 memoratus
763 2369 884 2424 Eryx
901 2370 922 2411 ?
958 2368 1034 2410 ubi
1055 2368 1174 2410 fama
1196 2382 1272 2424 per
1294 2383 1467 2411 omnem

90 2439 117 2462 ‘⁶
139 2440 424 2495 Trinacriam,
448 2445 492 2481 et
516 2438 654 2495 spolia
676 2438 753 2480 illa
777 2438 863 2480 tuis
886 2437 1124 2493 pendentia
1146 2438 1341 2482 tectis?''

89 2510 172 2553 Ille
194 2511 275 2553 sub
295 2510 404 2553 haec
422 2525 430 2553 :
469 2509 495 2529 “
515 2508 616 2551 Non
638 2508 779 2550 laudis
803 2522 937 2562 amor,
962 2521 1040 2550 nee
1063 2507 1197 2564 gloria
1219 2508 1346 2550 cessit

91 2580 119 2601 ‘⁴
140 2580 276 2623 Pulsa
298 2585 420 2622 metu
440 2593 450 2634 ;
486 2579 562 2622 sed
584 2577 700 2621 enim
722 2577 890 2635 gelidus
912 2577 1118 2620 tardante
1140 2583 1314 2620 senecta
1429 2579 1514 2622 395

356 2648 404 2687 5²3,-
