1757 2916
126 93 219 136 254
613 103 844 134 AENEIDOS
875 104 962 135 Lm.
998 104 1060 135 xr.

127 211 256 268 Ecce,
282 226 411 270 super
432 213 591 256 maesti
613 226 774 270 magna
797 212 1024 255 Diomedis
1047 212 1102 254 ab
1126 212 1232 254 urbe

127 283 286 340 Legati
309 298 513 341 responsa
534 284 696 338 ferunt,
720 283 833 324 nihil
854 282 1058 325 omnibus
1079 287 1234 325 actum

129 355 374 398 Tantorum
397 355 606 412 impensis
629 368 823 410 operum,
846 353 910 395 nil
931 353 1045 396 dona
1066 367 1208 409 neque
1232 367 1392 395 aurum

128 426 221 469 Nec
246 441 430 483 magnas
451 426 641 468 valuisse
665 439 826 481 preces,
851 424 938 466 alia
960 439 1082 467 arma
1104 424 1278 467 Latinis

131 498 388 552 Quaerenda
411 503 489 540 aut
512 512 666 553 pacem
690 495 876 552 Trojano
898 496 952 538 ab
976 510 1074 552 rege
1096 496 1349 552 petendum.
1473 494 1563 537 230

130 569 294 633 Deficit
316 568 489 625 ingenti
512 568 639 609 luctu
661 581 736 609 rex
758 566 851 623 ipse
873 565 1092 610 Latinus:

128 639 335 682 Fatalem
356 639 541 681 Aenean
562 637 795 680 manifesto
816 637 998 680 numine
1019 637 1132 692 ferri,
1207 692 1211 695 ἡ

129 711 353 753 Admonet
376 710 441 752 ira
463 710 596 752 deam
618 709 870 764 tumulique
892 713 996 751 ante
1019 723 1093 751 ora
1115 714 1321 751 recentes.

129 782 246 838 Ergo
264 780 499 823 concilium
522 794 735 836 maguum
757 779 1008 836 primosque
1032 793 1211 821 suorum

128 853 321 909 Imperio
345 852 507 895 accitos
531 852 623 894 alta
644 851 763 894 intra
782 850 939 893 limina
960 851 1090 907 cogit.
1475 848 1566 892 235

130 924 219 968 Olli
241 938 491 979 convenere,
515 923 751 979 fluuntque
774 923 831 965 ad
853 921 973 978 regia
994 921 1135 978 plenis

129 995 267 1038 Tecta
288 994 380 1039 viis.
447 994 580 1037 Sedet
603 993 649 1036 in
670 992 828 1035 mediis
851 998 896 1035 et
917 992 1139 1035 maximus
1161 1005 1266 1034 aevo

128 1066 190 1109 Et
214 1065 382 1122 primus
405 1065 603 1120 sceptris,
626 1064 747 1106 haud
767 1064 886 1106 laeta
906 1049 1064 1119 fronfe,
1089 1062 1292 1105 Latinus.

129 1138 280 1192 Atque
302 1136 373 1178 hic
396 1136 564 1192 legatos
585 1134 748 1177 Aetola
771 1148 826 1176 ex
848 1134 953 1176 urbe
977 1133 1190 1188 remissos,

57 1262 68 1272 .
130 1209 254 1261 Quae
277 1206 482 1260 referant,
506 1205 590 1247 fari
607 1205 749 1261 jubet,
775 1209 820 1246 et
843 1218 1047 1260 responsa
1068 1203 1255 1260 reposcit
1470 1200 1562 1244 240

129 1279 292 1323 Ordine
315 1283 475 1320 cuncta
498 1292 587 1322 suo,
655 1276 773 1318 Tum
793 1276 914 1318 facta
936 1274 1111 1318 silentia
1134 1274 1312 1332 linguis,

128 1351 191 1393 Et
215 1350 417 1392 Venulus
440 1349 558 1391 dicto
580 1362 738 1404 parens
760 1347 827 1388 ita
847 1347 977 1389 farier
992 1346 1120 1389 infit:

133 1422 160 1442 “
180 1422 401 1476 Vidimus,
427 1435 451 1463 O
475 1420 604 1474 cives,
632 1419 893 1461 Diomedem
915 1418 1168 1474 Argivaque
1191 1422 1347 1472 castra,

132 1492 159 1512 “
178 1492 330 1546 Atque
353 1490 437 1533 iter
460 1489 626 1532 emensi
648 1503 775 1531 casus
799 1488 1101 1545 superavimus
1123 1502 1288 1543 omnes,

131 1562 158 1583 ‘⁴
178 1561 543 1618 Contigimusque
565 1575 764 1616 manum,
789 1575 878 1616 qua
900 1560 1091 1603 concidit
1116 1560 1201 1602 Ilia
1223 1560 1370 1604 tellus,
1476 1558 1564 1604 245

130 1633 257 1676 “Ille
280 1633 435 1675 urbem
458 1632 738 1688 Argyripam,
764 1631 934 1688 patriae
958 1630 1213 1688 cognomine
1236 1629 1393 1688 gentis,

131 1705 158 1726 ‘⁶
176 1705 331 1748 Victor
355 1703 550 1761 Gargani
572 1704 790 1747 condebat
812 1703 993 1760 Iapygis
1015 1703 1141 1747 arvis.

130 1777 158 1798 ‘⁴
179 1777 423 1832 Postquam
444 1776 698 1832 introgressi
721 1781 766 1818 et
789 1790 932 1818 coram
954 1776 1060 1818 data
1083 1774 1209 1831 eopia
1230 1774 1354 1817 fandi
1370 1788 1382 1828 3

131 1847 158 1869 “
177 1848 364 1890 Munera
386 1848 685 1903 praeferimus,
709 1861 869 1889 nomen
892 1847 1171 1902 patriamque
1192 1846 1412 1901 docemus,

132 1918 160 1941 “
180 1919 267 1971 Qui
287 1919 455 1960 bellum
477 1918 726 1972 intulerint,
752 1931 864 1973 quae
888 1932 1020 1959 causa
1042 1917 1276 1960 attraxerit
1293 1916 1450 1973 Arpos.
1475 1916 1565 1960 250

131 1990 158 2011 “
177 1988 360 2032 Auditis
382 1988 455 2031 ille
477 1988 584 2030 haec
608 1987 781 2043 placido
804 1987 862 2030 sic
887 1986 1077 2030 reddidit
1099 2002 1169 2030 ore
1189 2002 1198 2031 ε

133 2062 160 2082 “
178 2061 188 2082 ⁶
207 2060 243 2104 Ο
266 2060 516 2102 fortunatae
540 2064 707 2115 gentes,
734 2059 941 2103 Saturnia
963 2073 1112 2116 regna,

131 2132 158 2153 “
179 2132 189 2152 ‘
208 2130 400 2186 Antiqui
424 2129 623 2184 Ausonii,
648 2144 760 2185 quac
782 2144 857 2172 vos
878 2129 1055 2172 fortuna
1077 2129 1247 2185 quietos

132 2203 158 2224 ‘⁶
177 2203 186 2223 ‘
207 2189 440 2256 Sollicitat,
465 2201 707 2256 suadetque
730 2200 884 2256 ignota
909 2201 1116 2243 lacessere
1137 2199 1255 2242 bella
1270 2201 1290 2242 P

132 2273 159 2295 “
177 2273 188 2294 ‘
209 2273 485 2327 Quicumque
508 2270 666 2314 Iliacos
688 2270 800 2313 ferro
822 2271 1081 2314 violavimus
1104 2286 1227 2327 agros
1243 2297 1262 2303 -
1476 2271 1563 2314 255

133 2345 158 2366 “
180 2346 192 2366 ‘
207 2344 340 2386 Mitto
365 2357 430 2398 ea,
456 2357 566 2398 quae
590 2342 723 2384 muris
745 2343 948 2385 bellando
971 2342 1187 2384 exhausta
1209 2342 1289 2384 sub
1312 2341 1429 2396 altis,

134 2416 161 2437 ‘⁵
182 2416 192 2436 ⁴
212 2416 329 2469 Quos
355 2413 511 2458 Simois
533 2418 706 2470 premat
729 2413 802 2455 ille
827 2414 936 2455 viros
953 2440 994 2468 -,
1020 2413 1202 2456 infanda
1223 2427 1301 2469 per
1323 2413 1471 2455 orbem

130 2486 158 2507 ‘⁶
180 2486 190 2506 ⁵
211 2485 440 2542 Supplicia
463 2489 508 2526 et
532 2484 740 2526 scelerum
765 2498 924 2539 poenas
946 2483 1235 2540 expendimus
1258 2497 1421 2537 omnes,

131 2556 157 2578 ‘⁶
178 2556 188 2577 ‘
207 2556 293 2599 Vel
317 2555 493 2598 Priamo
516 2554 764 2598 miseranda
788 2569 972 2598 manus:
1009 2555 1091 2597 evit
1117 2554 1244 2597 triste
1268 2554 1491 2599 Minervae
