1757 2916
213 125 270 170 66
696 140 928 172 Ammmos
959 142 1046 174 Lm.
1080 141 1146 172 111.

212 244 326 288 Vela
347 245 504 304 legunt
529 247 647 308 socii,
672 255 717 295 et
738 265 886 308 proras
908 250 966 293 ad
987 250 1118 292 litora
1141 253 1358 305 torquent.

215 324 377 367 Portus
399 324 456 366 ab
478 323 629 366 Euroo
651 322 794 365 fluctu
817 323 1027 364 curvatus
1048 320 1095 362 in
1117 334 1268 362 areum
1287 334 1296 363 ε

217 394 429 451 Objectae
452 395 566 438 salsa
589 398 800 451 spumant
822 392 1083 448 adspargine
1108 396 1274 446 cautes,

214 465 317 522 Ipse
340 466 466 521 latet,
492 465 666 522 gemino
688 464 935 507 demittunt
958 463 1136 505 brachia
1157 477 1282 504 muro
1564 460 1651 504 535

215 535 385 577 Tum-iti
408 535 591 591 scopuli,
616 535 865 591 refugitque
888 533 943 575 ab
965 533 1091 575 litore
1115 533 1346 588 templum.

217 605 416 659 Quatuor
438 606 520 660 hic,
541 606 734 661 primum
756 619 899 659 omen,
925 618 1057 659 equos
1080 603 1126 644 in
1149 602 1343 658 gramine
1366 602 1457 644 vidi

218 676 469 718 Tondentes
493 690 699 731 campum
722 675 838 730 late,
853 675 1037 716 candore
1060 673 1206 716 nivali.

213 747 276 789 Et
299 752 426 807 pater
449 746 666 789 Anchises
687 760 696 789 :
734 745 761 766 ‘⁶
783 745 977 798 Bellum,
1003 759 1027 787 o
1050 749 1163 786 terra
1184 742 1375 799 hospita,
1399 748 1548 799 portas
1569 756 1576 786 :

212 816 242 838 “
260 817 384 860 Bello
401 823 630 860 armantur
646 816 761 872 equi,
778 816 945 858 bellum
961 815 1067 857 haec
1082 820 1281 857 armenta
1298 813 1539 857 minantur.
1564 813 1652 858 540

214 887 243 909 “
264 888 349 932 Sed
371 893 522 930 tamen
543 888 663 931 idem
687 887 788 930 olim
812 901 942 929 curru
965 886 1189 929 succedere
1215 885 1332 928 sueti

215 957 244 980 “
264 958 593 1015 Quadrupedes,
618 962 663 1000 et
684 958 806 1000 frena
822 957 929 1014 jugo
952 956 1179 999 concordia
1201 955 1321 1011 ferre,

216 1030 250 1051 “
275 1029 383 1086 Spes
406 1035 451 1072 et
473 1029 636 1086 pacis,''
661 1029 735 1072 ait.
803 1028 923 1070 Tum
944 1026 1128 1070 numina
1151 1031 1302 1069 sancta
1323 1040 1556 1082 precamur

212 1099 409 1142 Palladis
432 1100 687 1155 armisonae,
712 1112 825 1155 quae
846 1097 990 1154 prima
1011 1097 1182 1154 accepit
1205 1102 1407 1150 ovantes,

209 1170 271 1212 Et
295 1171 445 1227 capita
467 1176 570 1213 ante
593 1185 688 1213 aras
712 1169 903 1226 Phrygio
926 1168 1123 1211 velamur
1144 1168 1311 1210 amictu
1332 1181 1344 1222 ;
1562 1166 1650 1211 545

209 1241 552 1298 Praeceptisque
575 1241 751 1297 Heleni,
775 1242 956 1283 dederat
979 1254 1090 1296 quae
1113 1239 1321 1294 maxima,
1347 1238 1430 1281 rite
1667 1233 1676 1238 ⁵

207 1311 380 1355 Junoni
404 1312 596 1369 Argivae
614 1313 757 1368 jussos
780 1312 1004 1354 adolemus
1028 1311 1220 1353 honores.

213 1382 349 1425 Haud
372 1398 492 1426 mora
510 1398 518 1427 :
555 1383 764 1425 continuo
786 1382 990 1438 perfectis
1012 1381 1160 1424 ordine
1182 1381 1308 1436 votis,

210 1452 388 1496 Cornua
410 1454 658 1495 velatarum
681 1452 948 1495 obvertimus
971 1457 1274 1506 antennarum,

207 1522 599 1579 Grajugenumque
622 1524 770 1565 domos
793 1527 1087 1578 suspectaque
1108 1521 1351 1577 linquimus
1373 1535 1487 1565 arva.
1554 1521 1643 1565 550

205 1592 322 1636 Hine
346 1594 465 1636 sinus
489 1593 710 1649 Herculei,
736 1593 772 1636 si
793 1607 895 1635 vera
917 1597 984 1635 est
1007 1592 1140 1648 fama,
1167 1591 1349 1634 Tarenti

202 1663 406 1707 Cernitur
424 1679 435 1719 ;
472 1664 643 1707 attollit
668 1678 712 1707 se
737 1663 840 1706 diva
862 1663 1045 1707 Lacinia
1067 1668 1232 1718 contra,

209 1734 507 1791 Caulonisque
530 1750 649 1777 arces
671 1740 716 1778 et
737 1726 1017 1791 navifragum
1042 1735 1315 1790 Scylaceum.

206 1805 325 1848 Tum
349 1807 501 1862 procul
522 1821 544 1847 e
567 1806 709 1848 fluctu
732 1806 959 1848 Trinacria
981 1806 1175 1848 cernitur
1195 1805 1344 1849 Aetna
1363 1819 1375 1860 ;

199 1876 263 1918 Et
285 1875 502 1931 gemitum
524 1876 750 1932 ingentem
772 1876 918 1932 pelagi
939 1876 1203 1932 pulsataque
1225 1890 1333 1919 saxa
1549 1877 1637 1920 555

205 1945 430 1988 Audimus
452 1946 592 2002 longe,
619 1945 868 2001 fractasque
891 1946 948 1988 ad
969 1945 1100 1987 litora
1120 1959 1245 1988 voces
1266 1959 1277 2000 ;

205 2015 540 2071 Exsultantque
563 2016 688 2071 vada,
712 2020 847 2071 atquc
869 2021 996 2058 aestu
1018 2015 1258 2058 miscentur
1279 2030 1447 2059 arenae.

199 2086 263 2128 Et
285 2091 411 2143 pater
433 2086 675 2130 Anchises:
714 2085 740 2106 ‘⁶
759 2085 983 2128 Nimirum
1004 2086 1110 2128 haec
1134 2074 1212 2129 'ina
1236 2086 1509 2142 charybd1s3

203 2156 231 2177 ‘⁶
251 2157 345 2200 Hos
369 2157 567 2200 Helenus
590 2157 803 2214 scopulos,
828 2157 934 2199 haec
957 2171 1062 2200 saxa
1083 2158 1296 2201 horrenda
1317 2157 1504 2200 canebat
1526 2172 1535 2202 ε

207 2226 231 2249 “
250 2228 438 2285 Eripite,
464 2243 488 2271 o
511 2228 627 2284 socii,
652 2228 901 2285 pariterque
925 2228 1138 2285 insurgite
1162 2229 1316 2272 remis!
1334 2230 1359 2247 ’'
1555 2229 1642 2272 560

205 2298 343 2342 Haud
365 2300 511 2342 minus
533 2313 583 2342 ac
600 2298 712 2355 jussi
733 2298 903 2341 faciunt
920 2313 930 2353 ;
966 2300 1220 2356 primusque
1243 2300 1472 2342 rudentem

201 2367 427 2414 contorsit
448 2372 595 2413 laevas
618 2385 791 2427 proram
817 2370 1054 2413 Palinurus
1077 2372 1133 2413 ad
1158 2371 1296 2413 undas
1313 2385 1323 2424 ;

204 2441 399 2484 Laevam
422 2446 584 2484 cuncta
606 2441 754 2483 cohors
777 2441 904 2482 remis
928 2441 1158 2496 ventisque
1180 2440 1351 2497 petivit.

204 2512 423 2555 Tollimur
446 2513 492 2554 in
515 2512 683 2555 coelum
705 2516 886 2554 curvato
908 2511 1094 2567 gurgite,
1120 2516 1165 2553 et
1187 2511 1305 2553 idem

203 2582 433 2626 Subducta
455 2583 512 2626 ad
535 2581 688 2625 Manes
710 2581 820 2624 imos
841 2581 1089 2624 desedimus
1112 2581 1231 2624 unda
1255 2595 1265 2634 ;

1552 2584 1578 2626 01

1584 2582 1641 2626 ἓξ
