1757 2916
205 114 289 158 166
688 125 919 156 AENEIDOS
951 125 1038 156 LIB.
1074 124 1154 154 vn.

202 235 300 278 Aut
321 235 436 278 leves
459 248 604 277 ocreas
625 234 744 277 lento
766 235 936 277 ducunt
960 237 1140 290 argento
1161 247 1170 276 :

203 305 403 348 Vomeris
426 305 511 348 huc
535 312 580 348 et
601 305 727 348 falcis
750 305 898 360 honos,
923 305 1009 347 huc
1033 304 1173 347 omnis
1195 303 1331 346 aratri
1555 303 1642 347 635

206 377 348 420 Cessit
370 391 492 419 amor
505 390 516 431 3
552 381 794 432 recoquunt
818 376 982 432 patrios
1003 375 1255 418 fornacibus
1278 388 1413 418 enses,

206 449 398 492 Classica
414 448 596 505 jamque
620 452 791 502 sonant,
816 447 852 489 it
875 447 989 489 bello
1012 453 1174 490 tessera
1198 448 1384 504 signum.

208 521 292 563 Hie
315 521 488 577 galeam
512 519 642 562 tectis
666 519 864 575 trepidus
886 518 1016 574 rapit,
1040 518 1113 561 ille
1135 519 1372 561 frementes

207 592 279 634 Ad
297 591 406 648 juga
429 591 547 647 cogit
569 604 715 646 equos,
741 590 1019 646 clipeumque
1043 604 1235 645 auroque
1259 589 1444 631 trilicem

206 663 405 705 Loricam
429 661 643 717 induitur,
667 661 843 717 fidoque
866 660 1114 717 accingitur
1136 674 1248 703 ense.
1557 659 1646 703 640

297 733 488 776 Pandite
510 747 626 790 nunc
651 732 878 788 Helicona,
903 733 1025 788 deae,
1051 737 1296 788 cantusque
1319 737 1505 787 movete,

209 805 295 859 Qui
317 805 430 847 bello
453 803 588 847 exciti
610 818 747 860 regeS,
774 817 887 860 quae
910 818 1130 860 quemque
1154 808 1333 847 secutae

209 876 481 933 Complerint
504 891 681 933 campos
703 875 834 932 acies,
856 875 1016 932 quibus
1040 875 1158 918 Itala
1174 875 1270 932 jam
1293 881 1392 918 tum

207 947 429 990 Floruerit
453 953 568 990 terra
591 947 709 989 alma
731 946 847 1003 viris,
873 947 1034 1003 quibus
1057 947 1209 990 arserit
1232 947 1389 991 armis:

208 1019 270 1061 Et
293 1018 557 1061 meministis
580 1018 712 1074 enim,
738 1018 877 1074 divae,
903 1023 947 1060 et
969 1032 1211 1061 memorare
1234 1018 1445 1075 potestis;
1562 1016 1649 1061 645

209 1090 283 1133 Ad
305 1104 382 1132 nos
403 1089 480 1132 vix
501 1090 648 1132 tenuis
669 1089 813 1132 famae
836 1089 1083 1145 perlabitur
1104 1104 1224 1134 aura.

303 1160 478 1203 Primus
501 1160 586 1202 init
608 1160 776 1202 bellum
802 1160 1041 1216 Tyrrhenis
1063 1175 1190 1217 asper
1212 1161 1268 1203 ab
1292 1160 1376 1203 oris

213 1232 471 1275 Contemtor
493 1231 646 1274 divum
669 1230 930 1287 Mezentius,
955 1231 1219 1288 agminaque
1242 1236 1396 1274 armat.

211 1302 353 1346 Filius
374 1302 476 1344 huic
494 1302 628 1358 juxta
650 1302 836 1357 Lausus,
862 1315 948 1358 quo
970 1302 1190 1358 pulchrior
1211 1303 1326 1345 alter

213 1374 313 1417 Non
335 1374 425 1416 fuit
448 1378 632 1429 excepto
655 1372 891 1415 Laurentis
914 1387 1089 1429 corpore
1114 1373 1282 1428 Turni;
1563 1374 1651 1416 650

213 1446 398 1500 Lausus,
423 1449 586 1500 equum
609 1444 798 1486 domitor
819 1444 1147 1499 debellatorque
1169 1444 1378 1500 serarum,

215 1515 354 1558 Ducit
377 1515 589 1572 Agyllina
612 1514 915 1570 nequidquam
938 1528 993 1556 ex
1014 1514 1123 1556 urbe
1147 1519 1322 1557 secutos

214 1587 336 1628 Mille
360 1586 483 1641 viros,
510 1585 688 1642 dignus,
712 1585 866 1641 patriis
889 1585 967 1641 qui
987 1585 1142 1628 laetior
1163 1591 1276 1628 esset

214 1657 429 1713 Imperiis,
455 1662 500 1700 et
523 1657 595 1699 cui
618 1662 744 1712 pater
763 1656 885 1699 haud
908 1655 1155 1700 Mezentius
1179 1661 1306 1700 esset.

306 1729 414 1770 Post
438 1727 516 1770 hos
539 1726 757 1784 insignem
779 1727 928 1783 palma
950 1741 1027 1783 per
1047 1727 1246 1783 gramina
1268 1741 1443 1770 currum
1567 1727 1653 1770 655

216 1799 507 1854 Victoresque
530 1802 725 1840 ostentat
750 1812 882 1853 equos
906 1802 1029 1840 satus
1052 1797 1242 1841 Hercule
1266 1798 1449 1854 pulchro

218 1856 408 1911 Pulc-her
429 1868 694 1922 Aventinus,
719 1868 946 1923 clipeoque
968 1868 1138 1924 insigne
1160 1873 1402 1924 paternum

219 1940 413 1983 Centum
438 1952 604 1994 angues
627 1938 907 1993 cinctamque
930 1938 1042 1995 gerit
1067 1938 1346 1995 serpentibus
1370 1938 1601 1996 Hydram:

219 2011 352 2054 Collis
375 2009 591 2052 Aventini
614 2009 723 2051 silva
746 2023 876 2065 quem
899 2009 1024 2052 Rhea
1047 2010 1244 2053 sacerdos

218 2081 455 2124 Furtivum
478 2086 609 2136 partu
632 2080 713 2122 sub
735 2080 916 2122 luminis
940 2080 1078 2123 edidit
1101 2095 1209 2136 oras,
1569 2081 1656 2133 660

223 2152 365 2194 Mixta
388 2152 467 2193 deo
490 2151 658 2206 mulier,
684 2156 921 2207 postquam
943 2151 1186 2194 Laurentia
1209 2152 1348 2195 victor

220 2224 417 2279 Geryone
441 2222 658 2264 exstincto
684 2222 944 2277 Tirynthius
967 2222 1121 2279 attigit
1144 2238 1261 2279 arva,

221 2294 531 2351 Tyrrhenoque
554 2293 685 2335 boves
707 2293 751 2335 in
774 2292 958 2335 flumine
981 2293 1090 2336 lavit
1113 2294 1274 2338 Iberas.

221 2367 320 2409 Pila
342 2380 477 2408 manu
501 2379 737 2421 saevosque
760 2370 919 2421 gerunt
942 2365 988 2407 in
1010 2365 1126 2408 bella
1149 2361 1340 2422 dolones,

221 2439 282 2480 Et
308 2437 438 2480 tereti
460 2441 664 2493 pugnant
688 2450 894 2478 mucrone
917 2451 1111 2492 veruque
1138 2437 1322 2481 Sabello.
1569 2437 1657 2480 665

222 2509 322 2566 Ipse
345 2509 490 2565 pedes,
515 2513 726 2564 tegumen
749 2512 956 2563 torquens
978 2507 1170 2551 immane
1192 2508 1342 2565 leonis,

223 2579 428 2623 Terribili
451 2579 680 2636 impexum
703 2583 798 2621 seta
821 2593 923 2621 cum
945 2579 1154 2623 dentibus
1176 2579 1301 2636 albis,
