1741 2902
608 119 834 148 AENEIDOS
867 119 951 150 LIB.
992 120 1051 149 XI.

1395 116 1421 152 ,'
1445 109 1526 152 261

110 227 137 249 ‘⁴
157 228 255 271 Duc
270 229 294 246 ’²
319 227 382 270 ait
406 226 434 247 “
450 231 495 269 et
518 226 708 269 Rutulos
729 230 737 270 Ξ
772 226 998 282 Equitem,
1025 226 1268 283 Messapus,
1288 227 1334 269 in
1355 228 1500 281 armis,

109 297 135 318 “
151 298 211 340 Et
235 313 335 340 cum
356 297 489 339 fratre
514 295 658 350 Coras,
683 296 786 339 latis
808 295 1041 338 diffundite
1065 297 1257 353 campis!

109 369 136 390 ‘³
154 369 260 411 Pars
282 369 428 410 aditus
450 368 570 410 urbis
592 367 752 422 firmet,
776 373 1002 423 turresque
1026 372 1223 423 capessat
1247 382 1256 421 3

109 439 135 459 ‘⁴
153 439 323 493 Cetera,
348 452 434 494 qua
451 437 585 494 jusso,
610 452 782 480 mecum
804 453 961 481 manus
983 438 1140 480 inferat
1163 453 1282 480 arma
1299 442 1308 482 ἓ
1327 439 1352 456 ¹³

107 508 235 551 Ilicet
258 509 305 550 in
327 523 473 551 muros
496 514 592 550 tota
614 508 871 550 discurritur
893 509 1007 551 urbe.

108 578 354 621 Concilium
374 579 465 634 ipse
489 583 614 634 pater
636 585 679 620 et
702 592 863 635 magna
885 578 1063 634 incepta
1085 579 1272 622 Latinus

108 650 294 705 Deserit,
320 665 370 692 ac
394 649 509 691 tristi
531 649 737 691 turbatus
759 654 955 705 tempore
978 649 1138 704 differt,

108 720 342 775 Multaque
365 734 409 762 se
431 720 617 774 incusat,
642 720 716 775 qui
739 735 826 762 non
848 720 1063 776 acceperit
1085 721 1202 763 ultro

109 791 385 833 Dardanium
406 792 590 834 Aenean
612 805 906 848 generumque
927 792 1157 834 adsciverit
1180 793 1289 847 urbi.

109 861 395 904 Praefodiunt
416 862 491 904 alii
513 867 674 918 portas,
699 867 777 904 aut
800 876 904 903 saxa
929 863 1142 918 sudesque

109 931 392 976 Subvectant.
460 933 582 974 Bello
604 933 682 974 dat
704 932 877 988 signum
900 947 1029 974 rauca
1052 939 1283 975 cruentum

108 1002 313 1046 Buccina.
379 1003 495 1044 Tum
516 1016 660 1044 muros
684 1001 801 1043 varia
823 1001 995 1044 cinxere
1018 1017 1173 1045 corona

107 1074 333 1116 Matronae
355 1072 590 1128 puerique:
626 1076 751 1114 vocat
775 1071 896 1113 labor
916 1072 1103 1114 ultimus
1125 1087 1286 1117 omnes.

106 1144 198 1187 Nec
220 1159 306 1186 non
329 1144 385 1185 ad
407 1143 626 1199 templum
649 1156 929 1199 summasque
952 1143 1008 1186 ad
1031 1144 1226 1187 Palladis
1249 1159 1369 1188 arces

109 1214 376 1258 Subvehitur
397 1228 559 1270 magna
580 1218 775 1256 matrum
797 1214 944 1270 regina
966 1220 1150 1270 caterva,

109 1286 236 1340 Dona
257 1285 408 1339 ferens,
427 1284 646 1340 juxtaque
668 1298 809 1327 comes
832 1284 1015 1327 Lavinia
1036 1285 1170 1342 VirgO,

109 1355 253 1399 Causa
275 1355 381 1397 mali
404 1355 535 1410 tanti,
560 1355 704 1397 oculos
728 1353 899 1410 dejecta
921 1355 1108 1399 decoros.

110 1427 360 1470 Succedunt
381 1430 558 1480 matres,
584 1431 628 1467 et
651 1426 868 1481 templum
892 1431 989 1468 ture
1011 1431 1240 1482 vaporant,

107 1497 169 1538 Et
191 1501 380 1538 maestas
402 1496 492 1537 alto
512 1495 706 1537 fundunt
730 1495 783 1537 de
805 1495 954 1537 limine
977 1511 1126 1540 voces:

110 1567 138 1588 ‘⁶
156 1567 451 1622 Armipotens,
476 1580 645 1621 praeses
666 1565 782 1619 belli,
809 1565 1006 1608 Tritonia
1027 1567 1158 1623 virgo,

109 1638 135 1658 “
154 1638 326 1693 Frange
343 1651 480 1678 manu
502 1636 643 1678 telum
665 1635 847 1692 Phrygii
868 1637 1110 1693 praedonis,
1136 1643 1180 1679 et
1204 1638 1351 1694 ipsum

109 1708 134 1728 ‘⁶
152 1709 347 1750 Pronum
370 1712 513 1749 sterne
537 1707 636 1761 solo,
661 1706 883 1762 portisque
906 1706 1078 1750 effunde
1103 1708 1184 1750 sub
1207 1708 1348 1751 altis.”

109 1778 313 1835 Cingitur
334 1778 426 1834 ipse
449 1778 596 1819 furens
619 1777 826 1819 certatim
847 1777 894 1819 in
911 1778 1072 1833 proelia
1095 1778 1271 1820 Turnus
1288 1792 1299 1832 ;

106 1850 299 1905 Jamque
323 1849 429 1891 adeo
453 1848 674 1890 Rutulum
694 1848 874 1891 thoraca
896 1849 1080 1892 indutus
1103 1849 1252 1892 ahenis

108 1920 327 1963 Horrebat
350 1919 557 1976 squamis,
582 1933 787 1975 surasque
809 1919 1048 1963 incluserat
1070 1935 1188 1975 auro,

107 1992 323 2047 Tempora
343 1991 488 2032 nudus
510 1990 666 2044 adhuc,
691 1989 903 2046 laterique
925 1991 1172 2034 accinxerat
1194 2006 1357 2048 ensem,

107 2061 413 2117 Fulgebatque
435 2061 528 2103 alta
549 2061 779 2103 decurrens
801 2075 959 2104 aureus
981 2077 1077 2105 arce
1098 2077 1109 2116 3

107 2132 407 2187 Exsultatque
430 2132 588 2174 animis
611 2137 655 2173 et
679 2146 753 2187 spe
770 2131 863 2186 jam
885 2133 1098 2189 praecipit
1120 2133 1292 2176 hostem
1312 2148 1321 2176 t

109 2203 260 2256 Qualis
282 2203 358 2244 ubi
380 2202 577 2258 abruptis
599 2202 715 2258 fugit
736 2203 963 2258 praesepia
984 2204 1142 2246 vinclis

108 2274 307 2316 Tandem
328 2274 436 2315 liber
457 2287 605 2329 equus,
631 2287 868 2328 campoque
891 2273 1060 2329 potitus
1082 2278 1234 2330 aperto

110 2344 205 2387 Aut
228 2344 301 2386 ille
323 2344 369 2386 in
391 2350 543 2400 pastus
569 2348 854 2399 armentaque
877 2344 1021 2386 tendit
1044 2357 1269 2399 equarum,

113 2416 218 2471 Aut,
243 2421 444 2458 assuetus
467 2429 608 2471 aquae
630 2414 830 2471 perfundi
853 2415 1031 2456 flumine
1053 2419 1171 2470 noto,

110 2486 299 2543 Emicat,
323 2487 586 2543 arrectisque
607 2486 755 2528 fremit
778 2485 1015 2529 cervicibus
1037 2486 1125 2528 alte

109 2558 374 2614 Luxurians,
396 2559 647 2614 luduntque
663 2557 795 2613 jubae
819 2571 894 2613 per
917 2557 1042 2613 colla,
1066 2571 1141 2614 per
1162 2570 1318 2600 armos.

1443 298 1530 340 465

1445 651 1531 693 470

1442 1356 1531 1399 480

1441 1708 1531 1752 485

1444 2062 1532 2106 490

1444 2414 1532 2459 495
