1757 2916
84 122 168 164 136
567 130 798 161 AsNfflDos
831 130 917 161 Lm.
954 129 1014 160 vr.

82 241 111 263 “
129 240 381 284 Attulcrint
460 239 670 297 Pelagine
694 238 815 281 venis
840 237 1054 280 erroribus
1076 242 1219 291 actus,

83 313 111 334 ‘⁵
130 312 205 355 An
227 311 401 354 monitu
423 311 575 353 divum
595 311 616 354 Ρ
652 323 884 365 an—quac
907 313 951 351 te
973 307 1175 351 Fortuna
1195 306 1373 363 fatigat,

85 382 114 405 “
134 383 202 426 Ut
224 382 374 425 tristes
399 381 489 425 sine
513 382 599 424 sole
622 381 788 434 domos,
813 379 908 422 loca
931 378 1123 434 turbida,
1150 378 1293 421 adires
1309 379 1330 421 Ρ
1349 378 1373 396 ”

83 453 182 496 Hac
205 453 299 495 vice
324 466 572 495 sermonum
595 451 723 494 roseis
747 450 918 492 Aurora
942 449 1169 505 quadrigis
1435 448 1521 492 535

81 525 113 568 J
117 540 189 567 am
213 524 409 567 medium
432 522 625 565 aetherio
649 535 778 564 cursu
800 519 1030 576 trajecerat
1053 534 1197 575 axem,

81 595 143 637 Et
165 595 250 637 fors
273 607 399 636 omne
424 593 580 635 clatum
603 591 832 634 traherent
854 605 931 647 per
953 590 1062 633 talia
1084 596 1289 646 tempus3

82 667 168 710 Sed
191 680 334 709 comes
357 664 600 719 admonuit,
625 662 902 718 breviterque
925 660 1062 703 affata
1088 661 1257 716 Sibylla
1280 665 1348 703 est
1369 674 1379 704 ε

81 738 108 758 “
126 738 228 780 Nox
251 737 356 792 ruit,
381 736 562 790 Aenea,
597 749 674 777 nos
696 733 841 776 flendo
864 732 1069 775 ducimus
1090 732 1217 774 horas
1239 735 1248 776 Ξ

80 809 108 830 “
132 809 218 851 Hic
241 809 363 850 locus
386 812 467 863 est,
492 812 640 863 partes
662 805 741 848 ubi
764 819 808 848 se
831 804 903 846 via
924 803 1055 846 findit
1078 804 1126 845 in
1148 803 1329 846 ambas:
1434 802 1523 846 540

81 879 108 900 “
129 879 323 922 Dextera
346 893 458 935 quae
483 877 604 920 Ditis
630 875 783 932 magni
807 875 888 918 sub
911 874 1082 917 moenia
1104 873 1265 929 tendit,

81 950 107 971 “
128 950 225 993 Hac
248 950 331 992 iter
352 949 554 1000 Elysium
577 947 726 1002 nobis;
762 952 809 989 at
831 947 956 988 laeva
979 945 1198 988 malorum

81 1023 108 1043 ‘⁶
126 1023 315 1064 Exercet
337 1036 499 1078 poenas
521 1026 566 1063 et
589 1021 645 1062 ad
667 1019 806 1076 impia
830 1019 1016 1061 Tartara
1037 1017 1225 1060 mittit.'’

80 1093 339 1150 Deiphobus
362 1098 540 1136 contra:
579 1091 606 1112 ‘⁴
625 1090 694 1133 Ne
719 1090 849 1146 saevi,
874 1104 1037 1146 magna
1060 1089 1257 1132 sacerdos
1277 1102 1286 1132 :

81 1165 108 1185 “
129 1164 381 1220 Discedam,
406 1163 590 1220 explebo
612 1176 859 1217 numerum,
885 1161 1126 1217 reddarque
1149 1158 1352 1202 tenebris.
1433 1158 1520 1203 545

80 1236 149 1278 “I
173 1237 322 1290 decus,
347 1235 376 1291 i,
401 1237 627 1278 nostrum!
664 1233 916 1276 melioribus
937 1237 1060 1275 utere
1081 1231 1186 1274 fatis
1208 1235 1217 1275 1
1237 1233 1261 1249 ''

81 1307 281 1349 Tantum
306 1306 479 1361 effatus,
505 1311 549 1348 et
571 1305 618 1347 in
639 1304 768 1346 verbo
791 1303 977 1361 vestigia
1001 1303 1140 1346 torsit.

170 1377 368 1434 Respicit
393 1377 570 1419 Aeneas
594 1375 739 1418 subito
762 1379 807 1417 et
831 1375 912 1417 sub
934 1389 1040 1431 rupe
1062 1373 1240 1416 sinistra

80 1449 252 1491 Moenia
275 1449 364 1490 lata
387 1448 520 1501 videt,
546 1446 709 1502 triplici
732 1446 1004 1488 circumdata
1025 1459 1163 1500 muro,

79 1521 200 1574 Quae
225 1519 401 1575 rapidus
423 1518 613 1560 flammis
636 1516 776 1559 ambit
800 1516 1067 1559 torrentibus
1089 1515 1244 1571 amnis,
1430 1516 1518 1558 550

81 1591 318 1633 Tartareus
342 1588 632 1645 Phlegethon,
657 1592 924 1644 torquetque
947 1587 1149 1630 sonantia
1173 1601 1293 1630 saxa.

78 1663 213 1704 Porta
237 1662 433 1717 adversa,
458 1661 628 1717 ingens,
655 1658 877 1715 solidoque
900 1659 1136 1702 adamante
1160 1659 1404 1713 columnae,

77 1733 157 1775 Vis
180 1739 232 1775 ut
254 1733 382 1775 nulla
404 1731 561 1787 virum,
585 1746 673 1773 non
694 1730 779 1788 ipsi
801 1730 1051 1773 exscindere
1073 1730 1182 1773 ferro

79 1804 327 1847 Ooelicolae-
344 1803 533 1846 valeant.
600 1803 701 1846 Stat
723 1802 860 1844 ferrea
882 1802 1014 1844 turris
1036 1803 1093 1844 ad
1115 1816 1258 1856 auras,

78 1875 402 1930 Tisiphoneque
426 1874 592 1928 sedens,
617 1873 735 1929 palla
759 1872 983 1915 succincta
1005 1877 1202 1927 cruenta,
1428 1872 1516 1916 555

78 1945 363 1988 Vestibulum
386 1944 604 1987 exsomnis
627 1948 771 1986 servat
792 1948 1028 1999 noctesque
1051 1943 1241 1999 diesque.

77 2016 194 2058 Hinc
219 2015 416 2059 exaudiri
438 2015 631 2071 gemitus
656 2019 700 2057 et
722 2028 851 2056 saeva
873 2028 1022 2056 sonare

79 2087 286 2143 Verbera,
310 2092 409 2129 tum
432 2085 592 2128 stridor
612 2084 713 2127 ferri
735 2089 992 2141 tractaeque
1016 2090 1211 2129 catenae.

78 2157 292 2201 Constitit
314 2157 502 2212 Aeneas,
527 2156 805 2213 strepituque
829 2156 1065 2199 exterritus
1087 2156 1242 2201 haesit.

78 2228 243 2282 “Quae
266 2227 479 2271 scelerum
499 2227 631 2270 facies
651 2228 672 2269 P
708 2241 731 2269 o
754 2226 886 2284 virgo,
911 2227 1039 2270 effare
1057 2242 1067 2283 ;
1103 2227 1317 2283 quibusve
1425 2226 1513 2271 560

79 2300 107 2321 “
127 2300 391 2356 Urguentur
411 2298 561 2355 poenis
580 2299 601 2341 Ρ
638 2297 714 2354 qui
736 2302 890 2340 tantus
913 2299 1098 2356 plangor
1119 2299 1176 2341 ad
1198 2313 1326 2341 auras
1343 2300 1392 2342 ?''

78 2369 197 2413 Tum
218 2375 341 2413 vates
365 2369 424 2413 sic
447 2384 541 2413 orsa
563 2368 681 2425 loqui
702 2382 712 2412 ε
749 2368 775 2388 “
793 2368 899 2410 Dux
921 2369 1086 2425 inclyto
1111 2369 1345 2427 Teucrum,

81 2441 106 2461 ‘⁶
127 2442 251 2484 Nulli
274 2442 339 2484 sas
362 2446 482 2484 casto
505 2441 765 2485 sceleratum
788 2440 987 2482 insistere
1010 2441 1147 2483 limen
1165 2454 1176 2496 3

81 2511 106 2532 “
126 2512 209 2555 Sed
233 2527 301 2554 me
325 2526 463 2568 quum
487 2511 598 2553 lucis
620 2509 792 2553 Hecate
816 2511 1021 2566 praefecit
1045 2511 1248 2566 Avernis,

83 2582 106 2603 ⁸‘
126 2583 231 2639 Ipsa
254 2583 384 2625 defun
410 2597 571 2639 poenas
594 2582 742 2624 docuit.
767 2596 926 2637 perque¹
951 2583 1096 2624 omnia
1119 2582 1259 2625 (luxit.
1421 2582 1508 2625 565
