<?xml version="1.0" encoding="UTF-8"?>
<!DOCTYPE html PUBLIC "-//W3C//DTD XHTML 1.0 Transitional//EN"
    "http://www.w3.org/TR/xhtml1/DTD/xhtml1-transitional.dtd">
<html xmlns="http://www.w3.org/1999/xhtml" xml:lang="en" lang="en">
 <head>
  <title>
</title>
<meta http-equiv="Content-Type" content="text/html;charset=utf-8" />
  <meta name='ocr-system' content='tesseract 3.04.00' />
  <meta name='ocr-capabilities' content='ocr_page ocr_carea ocr_par ocr_line ocrx_word'/>
</head>
<body>
  <div class='ocr_page' id='page_1' title='image "aeneidfri00virguoft_0188.png"; bbox 0 0 1757 2916; ppageno 0'>
   <div class='ocr_carea' id='block_1_1' title="bbox 144 143 1095 187">
    <p class='ocr_par' dir='ltr' id='par_1_1' title="bbox 144 143 1095 187">
     <span class='ocr_line' id='line_1_1' title="bbox 144 143 1095 187; baseline -0.004 -1"><span class='ocrx_word' id='word_1_1' title='bbox 144 143 231 187; x_wconf 84' lang='lat'>162</span> <span class='ocrx_word' id='word_1_2' title='bbox 630 153 862 184; x_wconf 78' lang='lat' dir='ltr'>AENEmos</span> <span class='ocrx_word' id='word_1_3' title='bbox 894 154 981 185; x_wconf 79' lang='lat' dir='ltr'>Lm.</span> <span class='ocrx_word' id='word_1_4' title='bbox 1016 152 1095 183; x_wconf 85' lang='lat' dir='ltr'>vn.</span> 
     </span>
    </p>
   </div>
   <div class='ocr_carea' id='block_1_2' title="bbox 140 260 1317 462">
    <p class='ocr_par' dir='ltr' id='par_1_2' title="bbox 140 260 1317 462">
     <span class='ocr_line' id='line_1_2' title="bbox 140 260 1288 317; baseline -0.004 -10"><span class='ocrx_word' id='word_1_5' title='bbox 140 263 236 308; x_wconf 87' lang='lat' dir='ltr'>Nec</span> <span class='ocrx_word' id='word_1_6' title='bbox 261 264 445 307; x_wconf 81' lang='lat' dir='ltr'>dextrae</span> <span class='ocrx_word' id='word_1_7' title='bbox 468 262 632 306; x_wconf 79' lang='lat' dir='ltr'><strong>erranti</strong></span> <span class='ocrx_word' id='word_1_8' title='bbox 654 263 762 306; x_wconf 89' lang='lat' dir='ltr'>deus</span> <span class='ocrx_word' id='word_1_9' title='bbox 784 262 913 317; x_wconf 87' lang='lat' dir='ltr'>afuit,</span> <span class='ocrx_word' id='word_1_10' title='bbox 937 267 1123 317; x_wconf 85' lang='lat' dir='ltr'>actaque</span> <span class='ocrx_word' id='word_1_11' title='bbox 1146 260 1288 303; x_wconf 87' lang='lat' dir='ltr'>multo</span> 
     </span>
     <span class='ocr_line' id='line_1_3' title="bbox 142 332 1317 392; baseline -0.004 -13"><span class='ocrx_word' id='word_1_12' title='bbox 142 335 316 392; x_wconf 81' lang='lat' dir='ltr'>Perque</span> <span class='ocrx_word' id='word_1_13' title='bbox 338 341 516 378; x_wconf 82' lang='lat' dir='ltr'>uterum</span> <span class='ocrx_word' id='word_1_14' title='bbox 539 334 686 378; x_wconf 86' lang='lat' dir='ltr'>sonitu</span> <span class='ocrx_word' id='word_1_15' title='bbox 708 348 873 391; x_wconf 82' lang='lat' dir='ltr'>perque</span> <span class='ocrx_word' id='word_1_16' title='bbox 894 333 970 375; x_wconf 88' lang='lat' dir='ltr'>ilia</span> <span class='ocrx_word' id='word_1_17' title='bbox 993 333 1115 375; x_wconf 85' lang='lat' dir='ltr'>venit</span> <span class='ocrx_word' id='word_1_18' title='bbox 1139 332 1317 375; x_wconf 85' lang='lat' dir='ltr'>arundo.</span> 
     </span>
     <span class='ocr_line' id='line_1_4' title="bbox 143 403 1282 462; baseline -0.004 -13"><span class='ocrx_word' id='word_1_19' title='bbox 143 406 329 450; x_wconf 78' lang='lat' dir='ltr'>Saucius</span> <span class='ocrx_word' id='word_1_20' title='bbox 352 411 399 448; x_wconf 86' lang='lat' dir='ltr'>at</span> <span class='ocrx_word' id='word_1_21' title='bbox 423 405 672 462; x_wconf 78' lang='lat' dir='ltr'>quadrupes</span> <span class='ocrx_word' id='word_1_22' title='bbox 696 410 801 447; x_wconf 86' lang='lat' dir='ltr'>nota</span> <span class='ocrx_word' id='word_1_23' title='bbox 825 403 941 445; x_wconf 86' lang='lat' dir='ltr'>intra</span> <span class='ocrx_word' id='word_1_24' title='bbox 964 408 1084 445; x_wconf 88' lang='lat' dir='ltr'>tecta</span> <span class='ocrx_word' id='word_1_25' title='bbox 1108 403 1282 460; x_wconf 86' lang='lat' dir='ltr'>refugit,</span> 
     </span>
    </p>
   </div>
   <div class='ocr_carea' id='block_1_3' title="bbox 143 474 1381 533">
    <p class='ocr_par' dir='ltr' id='par_1_3' title="bbox 143 474 1381 533">
     <span class='ocr_line' id='line_1_5' title="bbox 143 474 1381 533; baseline -0.003 -13"><span class='ocrx_word' id='word_1_26' title='bbox 143 477 450 532; x_wconf 79' lang='lat' dir='ltr'>Successitque</span> <span class='ocrx_word' id='word_1_27' title='bbox 472 491 651 533; x_wconf 77' lang='lat' dir='ltr'>gemens</span> <span class='ocrx_word' id='word_1_28' title='bbox 675 474 875 530; x_wconf 85' lang='lat' dir='ltr'>stabulis,</span> <span class='ocrx_word' id='word_1_29' title='bbox 901 479 1149 529; x_wconf 87' lang='lat' dir='ltr'>questuque</span> <span class='ocrx_word' id='word_1_30' title='bbox 1173 478 1381 516; x_wconf 87' lang='lat' dir='ltr'>cruentus</span> 
     </span>
    </p>
   </div>
   <div class='ocr_carea' id='block_1_4' title="bbox 141 544 1364 962">
    <p class='ocr_par' dir='ltr' id='par_1_4' title="bbox 141 544 1364 962">
     <span class='ocr_line' id='line_1_6' title="bbox 141 544 1324 603; baseline -0.003 -13"><span class='ocrx_word' id='word_1_31' title='bbox 141 548 292 603; x_wconf 89' lang='lat' dir='ltr'>Atque</span> <span class='ocrx_word' id='word_1_32' title='bbox 315 546 568 603; x_wconf 73' lang='lat' dir='ltr'>imploranti</span> <span class='ocrx_word' id='word_1_33' title='bbox 591 545 745 588; x_wconf 80' lang='lat' dir='ltr'>similis</span> <span class='ocrx_word' id='word_1_34' title='bbox 768 549 942 586; x_wconf 89' lang='lat' dir='ltr'>tectum</span> <span class='ocrx_word' id='word_1_35' title='bbox 964 558 1090 586; x_wconf 90' lang='lat' dir='ltr'>omne</span> <span class='ocrx_word' id='word_1_36' title='bbox 1114 544 1324 600; x_wconf 86' lang='lat' dir='ltr'>replebat.</span> 
     </span>
     <span class='ocr_line' id='line_1_7' title="bbox 143 615 1232 675; baseline -0.006 -13"><span class='ocrx_word' id='word_1_37' title='bbox 143 619 280 663; x_wconf 78' lang='lat' dir='ltr'>Silvia</span> <span class='ocrx_word' id='word_1_38' title='bbox 304 619 446 675; x_wconf 89' lang='lat' dir='ltr'>prima</span> <span class='ocrx_word' id='word_1_39' title='bbox 469 633 597 672; x_wconf 86' lang='lat' dir='ltr'>soror,</span> <span class='ocrx_word' id='word_1_40' title='bbox 622 615 783 673; x_wconf 86' lang='lat' dir='ltr'>palmis</span> <span class='ocrx_word' id='word_1_41' title='bbox 805 630 1010 671; x_wconf 83' lang='lat' dir='ltr'>percussa</span> <span class='ocrx_word' id='word_1_42' title='bbox 1034 615 1232 670; x_wconf 85' lang='lat' dir='ltr'>lacertos,</span> 
     </span>
     <span class='ocr_line' id='line_1_8' title="bbox 141 687 1257 743; baseline -0.004 -10"><span class='ocrx_word' id='word_1_43' title='bbox 141 691 380 734; x_wconf 74' lang='lat' dir='ltr'>Auxilium</span> <span class='ocrx_word' id='word_1_44' title='bbox 403 694 531 732; x_wconf 87' lang='lat' dir='ltr'>vocat</span> <span class='ocrx_word' id='word_1_45' title='bbox 554 694 599 731; x_wconf 87' lang='lat' dir='ltr'>et</span> <span class='ocrx_word' id='word_1_46' title='bbox 621 689 753 731; x_wconf 86' lang='lat' dir='ltr'>duros</span> <span class='ocrx_word' id='word_1_47' title='bbox 776 687 1027 730; x_wconf 74' lang='lat' dir='ltr'>conclamat</span> <span class='ocrx_word' id='word_1_48' title='bbox 1050 690 1257 743; x_wconf 72' lang='lat' dir='ltr'>agrestes.</span> 
     </span>
     <span class='ocr_line' id='line_1_9' title="bbox 143 757 1178 818; baseline -0.003 -14"><span class='ocrx_word' id='word_1_49' title='bbox 143 761 390 818; x_wconf 80' lang='lat' dir='ltr'>Olli—pestis</span> <span class='ocrx_word' id='word_1_50' title='bbox 413 760 531 803; x_wconf 86' lang='lat' dir='ltr'>enim</span> <span class='ocrx_word' id='word_1_51' title='bbox 554 759 703 802; x_wconf 87' lang='lat' dir='ltr'>tacitis</span> <span class='ocrx_word' id='word_1_52' title='bbox 724 758 837 801; x_wconf 87' lang='lat' dir='ltr'>latet</span> <span class='ocrx_word' id='word_1_53' title='bbox 860 772 1013 814; x_wconf 87' lang='lat' dir='ltr'>aspera</span> <span class='ocrx_word' id='word_1_54' title='bbox 1036 757 1178 801; x_wconf 86' lang='lat' dir='ltr'>silvis-</span> 
     </span>
     <span class='ocr_line' id='line_1_10' title="bbox 142 829 1228 889; baseline -0.005 -14"><span class='ocrx_word' id='word_1_55' title='bbox 142 832 376 889; x_wconf 87' lang='lat' dir='ltr'>Improvisi</span> <span class='ocrx_word' id='word_1_56' title='bbox 398 831 577 887; x_wconf 78' lang='lat' dir='ltr'>adsunt,</span> <span class='ocrx_word' id='word_1_57' title='bbox 601 829 673 873; x_wconf 87' lang='lat' dir='ltr'>hic</span> <span class='ocrx_word' id='word_1_58' title='bbox 695 834 809 873; x_wconf 88' lang='lat' dir='ltr'>torre</span> <span class='ocrx_word' id='word_1_59' title='bbox 832 833 1032 871; x_wconf 88' lang='lat' dir='ltr'>armatus</span> <span class='ocrx_word' id='word_1_60' title='bbox 1055 829 1228 884; x_wconf 84' lang='lat' dir='ltr'>obusto,</span> 
     </span>
     <span class='ocr_line' id='line_1_11' title="bbox 143 900 1364 962; baseline -0.006 -14"><span class='ocrx_word' id='word_1_61' title='bbox 143 904 322 962; x_wconf 79' lang='lat' dir='ltr'>Stipitis</span> <span class='ocrx_word' id='word_1_62' title='bbox 345 903 415 946; x_wconf 88' lang='lat' dir='ltr'>hic</span> <span class='ocrx_word' id='word_1_63' title='bbox 438 902 606 961; x_wconf 83' lang='lat' dir='ltr'>gravidi</span> <span class='ocrx_word' id='word_1_64' title='bbox 627 902 778 946; x_wconf 88' lang='lat' dir='ltr'>nodis:</span> <span class='ocrx_word' id='word_1_65' title='bbox 815 902 932 958; x_wconf 86' lang='lat' dir='ltr'>quod</span> <span class='ocrx_word' id='word_1_66' title='bbox 954 900 1113 957; x_wconf 84' lang='lat' dir='ltr'>cuique</span> <span class='ocrx_word' id='word_1_67' title='bbox 1137 904 1364 957; x_wconf 88' lang='lat' dir='ltr'>repertum</span> 
     </span>
    </p>
   </div>
   <div class='ocr_carea' id='block_1_5' title="bbox 142 971 1425 1032">
    <p class='ocr_par' dir='ltr' id='par_1_5' title="bbox 142 971 1425 1032">
     <span class='ocr_line' id='line_1_12' title="bbox 142 971 1425 1032; baseline -0.005 -12"><span class='ocrx_word' id='word_1_68' title='bbox 142 975 362 1032; x_wconf 80' lang='lat' dir='ltr'>Rimanti,</span> <span class='ocrx_word' id='word_1_69' title='bbox 386 976 529 1018; x_wconf 89' lang='lat' dir='ltr'>telum</span> <span class='ocrx_word' id='word_1_70' title='bbox 549 974 616 1016; x_wconf 85' lang='lat' dir='ltr'>ira</span> <span class='ocrx_word' id='word_1_71' title='bbox 635 973 755 1017; x_wconf 83' lang='lat' dir='ltr'>facit.</span> <span class='ocrx_word' id='word_1_72' title='bbox 820 971 966 1016; x_wconf 85' lang='lat' dir='ltr'>Vocat</span> <span class='ocrx_word' id='word_1_73' title='bbox 988 972 1167 1029; x_wconf 82' lang='lat' dir='ltr'>agmina</span> <span class='ocrx_word' id='word_1_74' title='bbox 1192 971 1425 1027; x_wconf 81' lang='lat' dir='ltr'>Tyrrheus,</span> 
     </span>
    </p>
   </div>
   <div class='ocr_carea' id='block_1_6' title="bbox 144 1041 1377 2670">
    <p class='ocr_par' dir='ltr' id='par_1_6' title="bbox 147 1041 1252 1174">
     <span class='ocr_line' id='line_1_13' title="bbox 147 1041 1252 1102; baseline -0.005 -12"><span class='ocrx_word' id='word_1_75' title='bbox 147 1047 453 1102; x_wconf 82' lang='lat' dir='ltr'>Quadrifidam</span> <span class='ocrx_word' id='word_1_76' title='bbox 475 1059 688 1102; x_wconf 87' lang='lat' dir='ltr'>quereum</span> <span class='ocrx_word' id='word_1_77' title='bbox 710 1044 859 1087; x_wconf 88' lang='lat' dir='ltr'>cuneis</span> <span class='ocrx_word' id='word_1_78' title='bbox 881 1049 933 1086; x_wconf 91' lang='lat' dir='ltr'>ut</span> <span class='ocrx_word' id='word_1_79' title='bbox 955 1043 1064 1086; x_wconf 88' lang='lat' dir='ltr'>forte</span> <span class='ocrx_word' id='word_1_80' title='bbox 1087 1041 1252 1085; x_wconf 83' lang='lat' dir='ltr'>coactis</span> 
     </span>
     <span class='ocr_line' id='line_1_14' title="bbox 147 1113 1136 1174; baseline -0.005 -13"><span class='ocrx_word' id='word_1_81' title='bbox 147 1118 399 1174; x_wconf 77' lang='lat' dir='ltr'>Scindebat,</span> <span class='ocrx_word' id='word_1_82' title='bbox 424 1122 552 1174; x_wconf 87' lang='lat' dir='ltr'>rapta</span> <span class='ocrx_word' id='word_1_83' title='bbox 575 1116 746 1173; x_wconf 81' lang='lat' dir='ltr'>spirans</span> <span class='ocrx_word' id='word_1_84' title='bbox 768 1114 961 1157; x_wconf 85' lang='lat' dir='ltr'>immane</span> <span class='ocrx_word' id='word_1_85' title='bbox 984 1113 1136 1157; x_wconf 85' lang='lat' dir='ltr'>securi.</span> 
     </span>
    </p>

    <p class='ocr_par' dir='ltr' id='par_1_7' title="bbox 144 1183 1377 1669">
     <span class='ocr_line' id='line_1_15' title="bbox 144 1183 1292 1246; baseline -0.005 -14"><span class='ocrx_word' id='word_1_86' title='bbox 144 1191 208 1232; x_wconf 90' lang='lat' dir='ltr'>At</span> <span class='ocrx_word' id='word_1_87' title='bbox 232 1204 361 1232; x_wconf 85' lang='lat' dir='ltr'>saeva</span> <span class='ocrx_word' id='word_1_88' title='bbox 382 1204 404 1231; x_wconf 89' lang='lat' dir='ltr'>e</span> <span class='ocrx_word' id='word_1_89' title='bbox 428 1187 614 1246; x_wconf 81' lang='lat' dir='ltr'>speculis</span> <span class='ocrx_word' id='word_1_90' title='bbox 638 1193 815 1243; x_wconf 82' lang='lat' dir='ltr'>tempus</span> <span class='ocrx_word' id='word_1_91' title='bbox 837 1186 918 1228; x_wconf 87' lang='lat' dir='ltr'>dea</span> <span class='ocrx_word' id='word_1_92' title='bbox 939 1191 1072 1227; x_wconf 84' lang='lat' dir='ltr'>nacta</span> <span class='ocrx_word' id='word_1_93' title='bbox 1096 1183 1292 1240; x_wconf 87' lang='lat' dir='ltr'>nocendi,</span> 
     </span>
     <span class='ocr_line' id='line_1_16' title="bbox 144 1255 1335 1316; baseline -0.006 -13"><span class='ocrx_word' id='word_1_94' title='bbox 144 1261 299 1303; x_wconf 87' lang='lat' dir='ltr'>Ardua</span> <span class='ocrx_word' id='word_1_95' title='bbox 321 1265 442 1302; x_wconf 89' lang='lat' dir='ltr'>tecta</span> <span class='ocrx_word' id='word_1_96' title='bbox 466 1259 580 1316; x_wconf 89' lang='lat' dir='ltr'>petit</span> <span class='ocrx_word' id='word_1_97' title='bbox 604 1257 780 1313; x_wconf 77' lang='lat' dir='ltr'>stabuli,</span> <span class='ocrx_word' id='word_1_98' title='bbox 806 1261 851 1299; x_wconf 84' lang='lat' dir='ltr'>et</span> <span class='ocrx_word' id='word_1_99' title='bbox 874 1257 927 1299; x_wconf 85' lang='lat' dir='ltr'>de</span> <span class='ocrx_word' id='word_1_100' title='bbox 950 1255 1140 1299; x_wconf 87' lang='lat' dir='ltr'>culmine</span> <span class='ocrx_word' id='word_1_101' title='bbox 1164 1269 1335 1297; x_wconf 87' lang='lat' dir='ltr'>summo</span> 
     </span>
     <span class='ocr_line' id='line_1_17' title="bbox 144 1329 1182 1385; baseline -0.005 -12"><span class='ocrx_word' id='word_1_102' title='bbox 144 1330 374 1374; x_wconf 86' lang='lat' dir='ltr'>Pastorale</span> <span class='ocrx_word' id='word_1_103' title='bbox 399 1330 517 1372; x_wconf 88' lang='lat' dir='ltr'>canit</span> <span class='ocrx_word' id='word_1_104' title='bbox 542 1329 734 1385; x_wconf 88' lang='lat' dir='ltr'>signum,</span> <span class='ocrx_word' id='word_1_105' title='bbox 760 1341 983 1383; x_wconf 88' lang='lat' dir='ltr'>cornuque</span> <span class='ocrx_word' id='word_1_106' title='bbox 1006 1341 1182 1369; x_wconf 80' lang='lat' dir='ltr'>recurvo</span> 
     </span>
     <span class='ocr_line' id='line_1_18' title="bbox 146 1401 1330 1454; baseline -0.006 -9"><span class='ocrx_word' id='word_1_107' title='bbox 146 1402 410 1445; x_wconf 74' lang='lat' dir='ltr'>Tartaream</span> <span class='ocrx_word' id='word_1_108' title='bbox 433 1401 627 1443; x_wconf 88' lang='lat' dir='ltr'>intendit</span> <span class='ocrx_word' id='word_1_109' title='bbox 649 1413 826 1442; x_wconf 80' lang='lat' dir='ltr'>vocem:</span> <span class='ocrx_word' id='word_1_110' title='bbox 862 1412 951 1454; x_wconf 87' lang='lat' dir='ltr'>qua</span> <span class='ocrx_word' id='word_1_111' title='bbox 973 1402 1181 1454; x_wconf 85' lang='lat' dir='ltr'>protenus</span> <span class='ocrx_word' id='word_1_112' title='bbox 1203 1410 1330 1440; x_wconf 87' lang='lat' dir='ltr'>omne</span> 
     </span>
     <span class='ocr_line' id='line_1_19' title="bbox 147 1468 1377 1525; baseline -0.005 -9"><span class='ocrx_word' id='word_1_113' title='bbox 147 1472 429 1517; x_wconf 83' lang='lat' dir='ltr'>Contremuit</span> <span class='ocrx_word' id='word_1_114' title='bbox 452 1485 609 1513; x_wconf 87' lang='lat' dir='ltr'>nemus</span> <span class='ocrx_word' id='word_1_115' title='bbox 632 1475 676 1512; x_wconf 91' lang='lat' dir='ltr'>et</span> <span class='ocrx_word' id='word_1_116' title='bbox 702 1470 835 1512; x_wconf 85' lang='lat' dir='ltr'>silvae</span> <span class='ocrx_word' id='word_1_117' title='bbox 857 1469 1086 1512; x_wconf 87' lang='lat' dir='ltr'>insonuere</span> <span class='ocrx_word' id='word_1_118' title='bbox 1108 1468 1377 1525; x_wconf 79' lang='lat' dir='ltr'>profundae3</span> 
     </span>
     <span class='ocr_line' id='line_1_20' title="bbox 146 1539 1218 1598; baseline -0.006 -11"><span class='ocrx_word' id='word_1_119' title='bbox 146 1544 306 1587; x_wconf 85' lang='lat' dir='ltr'>Audiit</span> <span class='ocrx_word' id='word_1_120' title='bbox 330 1548 375 1586; x_wconf 89' lang='lat' dir='ltr'>et</span> <span class='ocrx_word' id='word_1_121' title='bbox 400 1542 573 1584; x_wconf 83' lang='lat' dir='ltr'>Triviae</span> <span class='ocrx_word' id='word_1_122' title='bbox 597 1542 724 1598; x_wconf 87' lang='lat' dir='ltr'>longe</span> <span class='ocrx_word' id='word_1_123' title='bbox 747 1541 883 1595; x_wconf 86' lang='lat' dir='ltr'>lacus,</span> <span class='ocrx_word' id='word_1_124' title='bbox 909 1539 1052 1582; x_wconf 90' lang='lat' dir='ltr'>audiit</span> <span class='ocrx_word' id='word_1_125' title='bbox 1075 1539 1218 1582; x_wconf 87' lang='lat' dir='ltr'>amnis</span> 
     </span>
     <span class='ocr_line' id='line_1_21' title="bbox 146 1610 1226 1669; baseline -0.005 -11"><span class='ocrx_word' id='word_1_126' title='bbox 146 1615 351 1659; x_wconf 78' lang='lat' dir='ltr'>Sulfurea</span> <span class='ocrx_word' id='word_1_127' title='bbox 373 1613 466 1657; x_wconf 82' lang='lat' dir='ltr'>Nar</span> <span class='ocrx_word' id='word_1_128' title='bbox 488 1613 615 1656; x_wconf 85' lang='lat' dir='ltr'>albus</span> <span class='ocrx_word' id='word_1_129' title='bbox 637 1627 766 1669; x_wconf 82' lang='lat' dir='ltr'>aqua,</span> <span class='ocrx_word' id='word_1_130' title='bbox 791 1612 1021 1668; x_wconf 77' lang='lat' dir='ltr'>fontesque</span> <span class='ocrx_word' id='word_1_131' title='bbox 1045 1610 1195 1654; x_wconf 89' lang='lat' dir='ltr'>Velini</span> <span class='ocrx_word' id='word_1_132' title='bbox 1215 1625 1226 1666; x_wconf 87' lang='lat'>;</span> 
     </span>
    </p>

    <p class='ocr_par' dir='ltr' id='par_1_8' title="bbox 144 1684 1353 2171">
     <span class='ocr_line' id='line_1_22' title="bbox 144 1684 1266 1743; baseline -0.004 -13"><span class='ocrx_word' id='word_1_133' title='bbox 144 1687 207 1730; x_wconf 86' lang='lat' dir='ltr'>Et</span> <span class='ocrx_word' id='word_1_134' title='bbox 231 1687 429 1743; x_wconf 84' lang='lat' dir='ltr'>trepidae</span> <span class='ocrx_word' id='word_1_135' title='bbox 451 1690 616 1728; x_wconf 87' lang='lat' dir='ltr'>matres</span> <span class='ocrx_word' id='word_1_136' title='bbox 639 1699 829 1741; x_wconf 83' lang='lat' dir='ltr'>pressere</span> <span class='ocrx_word' id='word_1_137' title='bbox 851 1684 908 1726; x_wconf 87' lang='lat' dir='ltr'>ad</span> <span class='ocrx_word' id='word_1_138' title='bbox 930 1688 1106 1741; x_wconf 82' lang='lat' dir='ltr'>pectora</span> <span class='ocrx_word' id='word_1_139' title='bbox 1128 1687 1266 1726; x_wconf 87' lang='lat' dir='ltr'>natos.</span> 
     </span>
     <span class='ocr_line' id='line_1_23' title="bbox 146 1753 1353 1812; baseline -0.004 -11"><span class='ocrx_word' id='word_1_140' title='bbox 146 1759 264 1801; x_wconf 84' lang='lat' dir='ltr'>Tum</span> <span class='ocrx_word' id='word_1_141' title='bbox 286 1772 384 1800; x_wconf 89' lang='lat' dir='ltr'>vero</span> <span class='ocrx_word' id='word_1_142' title='bbox 407 1758 463 1800; x_wconf 90' lang='lat' dir='ltr'>ad</span> <span class='ocrx_word' id='word_1_143' title='bbox 485 1771 635 1799; x_wconf 85' lang='lat' dir='ltr'>vocem</span> <span class='ocrx_word' id='word_1_144' title='bbox 656 1756 829 1812; x_wconf 80' lang='lat' dir='ltr'>celeres,</span> <span class='ocrx_word' id='word_1_145' title='bbox 855 1770 944 1812; x_wconf 86' lang='lat' dir='ltr'>qua</span> <span class='ocrx_word' id='word_1_146' title='bbox 966 1754 1153 1798; x_wconf 85' lang='lat' dir='ltr'>buccina</span> <span class='ocrx_word' id='word_1_147' title='bbox 1175 1753 1353 1811; x_wconf 83' lang='lat' dir='ltr'>signum</span> 
     </span>
     <span class='ocr_line' id='line_1_24' title="bbox 146 1826 1214 1885; baseline -0.005 -12"><span class='ocrx_word' id='word_1_148' title='bbox 146 1830 257 1873; x_wconf 88' lang='lat' dir='ltr'>Dira</span> <span class='ocrx_word' id='word_1_149' title='bbox 279 1830 416 1884; x_wconf 84' lang='lat' dir='ltr'>dedit,</span> <span class='ocrx_word' id='word_1_150' title='bbox 441 1828 579 1885; x_wconf 86' lang='lat' dir='ltr'>raptis</span> <span class='ocrx_word' id='word_1_151' title='bbox 601 1833 870 1872; x_wconf 70' lang='lat' dir='ltr'>concurrunt</span> <span class='ocrx_word' id='word_1_152' title='bbox 894 1826 1090 1882; x_wconf 86' lang='lat' dir='ltr'>undique</span> <span class='ocrx_word' id='word_1_153' title='bbox 1114 1826 1214 1869; x_wconf 86' lang='lat' dir='ltr'>telis</span> 
     </span>
     <span class='ocr_line' id='line_1_25' title="bbox 145 1898 1236 1957; baseline -0.003 -13"><span class='ocrx_word' id='word_1_154' title='bbox 145 1901 359 1945; x_wconf 87' lang='lat' dir='ltr'>Indomiti</span> <span class='ocrx_word' id='word_1_155' title='bbox 381 1901 594 1957; x_wconf 80' lang='lat' dir='ltr'>agricolae</span> <span class='ocrx_word' id='word_1_156' title='bbox 614 1915 626 1954; x_wconf 86' lang='lat'>;</span> <span class='ocrx_word' id='word_1_157' title='bbox 661 1914 740 1942; x_wconf 88' lang='lat' dir='ltr'>nec</span> <span class='ocrx_word' id='word_1_158' title='bbox 762 1913 850 1941; x_wconf 82' lang='lat' dir='ltr'>non</span> <span class='ocrx_word' id='word_1_159' title='bbox 872 1904 916 1941; x_wconf 90' lang='lat' dir='ltr'>et</span> <span class='ocrx_word' id='word_1_160' title='bbox 943 1898 1075 1941; x_wconf 76' lang='lat' dir='ltr'>Troia</span> <span class='ocrx_word' id='word_1_161' title='bbox 1097 1898 1236 1954; x_wconf 86' lang='lat' dir='ltr'>pubes</span> 
     </span>
     <span class='ocr_line' id='line_1_26' title="bbox 145 1968 1164 2024; baseline -0.005 -9"><span class='ocrx_word' id='word_1_162' title='bbox 145 1971 336 2015; x_wconf 86' lang='lat' dir='ltr'>Ascanio</span> <span class='ocrx_word' id='word_1_163' title='bbox 359 1970 577 2014; x_wconf 77' lang='lat' dir='ltr'>auxilium</span> <span class='ocrx_word' id='word_1_164' title='bbox 600 1970 753 2012; x_wconf 86' lang='lat' dir='ltr'>castris</span> <span class='ocrx_word' id='word_1_165' title='bbox 777 1968 964 2011; x_wconf 83' lang='lat' dir='ltr'>effundit</span> <span class='ocrx_word' id='word_1_166' title='bbox 987 1968 1164 2024; x_wconf 84' lang='lat' dir='ltr'>apertis.</span> 
     </span>
     <span class='ocr_line' id='line_1_27' title="bbox 148 2039 1227 2097; baseline -0.004 -11"><span class='ocrx_word' id='word_1_167' title='bbox 148 2044 355 2086; x_wconf 76' lang='lat' dir='ltr'>Direxere</span> <span class='ocrx_word' id='word_1_168' title='bbox 379 2042 502 2086; x_wconf 87' lang='lat' dir='ltr'>acies.</span> <span class='ocrx_word' id='word_1_169' title='bbox 567 2041 669 2084; x_wconf 85' lang='lat' dir='ltr'>Non</span> <span class='ocrx_word' id='word_1_170' title='bbox 686 2040 779 2097; x_wconf 83' lang='lat' dir='ltr'>jam</span> <span class='ocrx_word' id='word_1_171' title='bbox 803 2039 1041 2084; x_wconf 86' lang='lat' dir='ltr'>certamine</span> <span class='ocrx_word' id='word_1_172' title='bbox 1064 2039 1227 2096; x_wconf 84' lang='lat' dir='ltr'>agresti</span> 
     </span>
     <span class='ocr_line' id='line_1_28' title="bbox 149 2111 1224 2171; baseline -0.005 -13"><span class='ocrx_word' id='word_1_173' title='bbox 149 2114 386 2171; x_wconf 65' lang='lat' dir='ltr'>stipitibus</span> <span class='ocrx_word' id='word_1_174' title='bbox 408 2112 527 2156; x_wconf 87' lang='lat' dir='ltr'>duris</span> <span class='ocrx_word' id='word_1_175' title='bbox 550 2112 696 2169; x_wconf 86' lang='lat' dir='ltr'>agitur</span> <span class='ocrx_word' id='word_1_176' title='bbox 719 2112 954 2154; x_wconf 85' lang='lat' dir='ltr'>sudibusve</span> <span class='ocrx_word' id='word_1_177' title='bbox 977 2111 1195 2168; x_wconf 85' lang='lat' dir='ltr'>praeustis</span> <span class='ocrx_word' id='word_1_178' title='bbox 1212 2125 1224 2166; x_wconf 84' lang='lat'>;</span> 
     </span>
    </p>

    <p class='ocr_par' dir='ltr' id='par_1_9' title="bbox 147 2182 1328 2599">
     <span class='ocr_line' id='line_1_29' title="bbox 148 2182 1172 2241; baseline -0.006 -10"><span class='ocrx_word' id='word_1_179' title='bbox 148 2187 234 2231; x_wconf 82' lang='lat' dir='ltr'>Sed</span> <span class='ocrx_word' id='word_1_180' title='bbox 258 2187 364 2229; x_wconf 89' lang='lat' dir='ltr'>ferro</span> <span class='ocrx_word' id='word_1_181' title='bbox 387 2184 570 2241; x_wconf 82' lang='lat' dir='ltr'>ancipiti</span> <span class='ocrx_word' id='word_1_182' title='bbox 592 2184 848 2239; x_wconf 83' lang='lat' dir='ltr'>decernunt,</span> <span class='ocrx_word' id='word_1_183' title='bbox 874 2189 1058 2239; x_wconf 80' lang='lat' dir='ltr'>atraque</span> <span class='ocrx_word' id='word_1_184' title='bbox 1080 2182 1172 2225; x_wconf 89' lang='lat' dir='ltr'>late</span> 
     </span>
     <span class='ocr_line' id='line_1_30' title="bbox 147 2254 1326 2312; baseline -0.003 -10"><span class='ocrx_word' id='word_1_185' title='bbox 147 2257 373 2302; x_wconf 82' lang='lat' dir='ltr'>Horrescit</span> <span class='ocrx_word' id='word_1_186' title='bbox 397 2255 562 2300; x_wconf 85' lang='lat' dir='ltr'>strictis</span> <span class='ocrx_word' id='word_1_187' title='bbox 586 2269 707 2312; x_wconf 86' lang='lat' dir='ltr'>seges</span> <span class='ocrx_word' id='word_1_188' title='bbox 730 2255 918 2311; x_wconf 81' lang='lat' dir='ltr'>ensibus,</span> <span class='ocrx_word' id='word_1_189' title='bbox 942 2269 1130 2310; x_wconf 84' lang='lat' dir='ltr'>aeraque</span> <span class='ocrx_word' id='word_1_190' title='bbox 1150 2254 1326 2311; x_wconf 82' lang='lat' dir='ltr'>fulgent</span> 
     </span>
     <span class='ocr_line' id='line_1_31' title="bbox 149 2326 1209 2382; baseline -0.003 -9"><span class='ocrx_word' id='word_1_191' title='bbox 149 2330 247 2374; x_wconf 75' lang='lat' dir='ltr'>Sole</span> <span class='ocrx_word' id='word_1_192' title='bbox 270 2328 472 2372; x_wconf 88' lang='lat' dir='ltr'>lacessita</span> <span class='ocrx_word' id='word_1_193' title='bbox 494 2332 539 2370; x_wconf 87' lang='lat' dir='ltr'>et</span> <span class='ocrx_word' id='word_1_194' title='bbox 560 2327 705 2370; x_wconf 89' lang='lat' dir='ltr'>lucem</span> <span class='ocrx_word' id='word_1_195' title='bbox 728 2327 809 2369; x_wconf 84' lang='lat' dir='ltr'>sub</span> <span class='ocrx_word' id='word_1_196' title='bbox 833 2326 985 2368; x_wconf 86' lang='lat' dir='ltr'>nubila</span> <span class='ocrx_word' id='word_1_197' title='bbox 1003 2326 1178 2382; x_wconf 84' lang='lat' dir='ltr'>jactant</span> <span class='ocrx_word' id='word_1_198' title='bbox 1199 2341 1209 2370; x_wconf 63' lang='grc' dir='ltr'><em>ι</em></span> 
     </span>
     <span class='ocr_line' id='line_1_32' title="bbox 147 2398 1328 2456; baseline -0.003 -13"><span class='ocrx_word' id='word_1_199' title='bbox 147 2401 338 2444; x_wconf 82' lang='lat' dir='ltr'>Fluctus</span> <span class='ocrx_word' id='word_1_200' title='bbox 362 2399 429 2442; x_wconf 88' lang='lat' dir='ltr'>uti</span> <span class='ocrx_word' id='word_1_201' title='bbox 450 2399 590 2456; x_wconf 88' lang='lat' dir='ltr'>primo</span> <span class='ocrx_word' id='word_1_202' title='bbox 613 2399 755 2455; x_wconf 87' lang='lat' dir='ltr'>coepit</span> <span class='ocrx_word' id='word_1_203' title='bbox 778 2413 916 2454; x_wconf 88' lang='lat' dir='ltr'>quum</span> <span class='ocrx_word' id='word_1_204' title='bbox 939 2398 1154 2442; x_wconf 77' lang='lat' dir='ltr'>albescere</span> <span class='ocrx_word' id='word_1_205' title='bbox 1177 2403 1328 2455; x_wconf 87' lang='lat' dir='ltr'>ponto,</span> 
     </span>
     <span class='ocr_line' id='line_1_33' title="bbox 149 2470 1180 2515; baseline -0.004 0"><span class='ocrx_word' id='word_1_206' title='bbox 149 2472 394 2515; x_wconf 82' lang='lat' dir='ltr'>Paullatim</span> <span class='ocrx_word' id='word_1_207' title='bbox 417 2485 508 2514; x_wconf 81' lang='lat' dir='ltr'>sese</span> <span class='ocrx_word' id='word_1_208' title='bbox 530 2470 649 2513; x_wconf 77' lang='lat' dir='ltr'>tollit</span> <span class='ocrx_word' id='word_1_209' title='bbox 671 2484 789 2512; x_wconf 87' lang='lat' dir='ltr'>marc</span> <span class='ocrx_word' id='word_1_210' title='bbox 811 2475 854 2511; x_wconf 86' lang='lat' dir='ltr'>ct</span> <span class='ocrx_word' id='word_1_211' title='bbox 879 2470 1015 2513; x_wconf 84' lang='lat' dir='ltr'>altius</span> <span class='ocrx_word' id='word_1_212' title='bbox 1037 2471 1180 2512; x_wconf 87' lang='lat' dir='ltr'>undas</span> 
     </span>
     <span class='ocr_line' id='line_1_34' title="bbox 149 2541 1238 2599; baseline -0.002 -14"><span class='ocrx_word' id='word_1_213' title='bbox 149 2542 307 2599; x_wconf 83' lang='lat' dir='ltr'>Erigit,</span> <span class='ocrx_word' id='word_1_214' title='bbox 332 2543 432 2585; x_wconf 86' lang='lat' dir='ltr'>inde</span> <span class='ocrx_word' id='word_1_215' title='bbox 451 2542 540 2584; x_wconf 90' lang='lat' dir='ltr'>imo</span> <span class='ocrx_word' id='word_1_216' title='bbox 563 2541 787 2597; x_wconf 81' lang='lat' dir='ltr'>consurgit</span> <span class='ocrx_word' id='word_1_217' title='bbox 811 2541 866 2583; x_wconf 85' lang='lat' dir='ltr'>ad</span> <span class='ocrx_word' id='word_1_218' title='bbox 890 2541 1067 2583; x_wconf 80' lang='lat' dir='ltr'>aethera</span> <span class='ocrx_word' id='word_1_219' title='bbox 1089 2541 1238 2583; x_wconf 84' lang='lat' dir='ltr'>fundo.</span> 
     </span>
    </p>

    <p class='ocr_par' dir='ltr' id='par_1_10' title="bbox 151 2611 1370 2670">
     <span class='ocr_line' id='line_1_35' title="bbox 151 2611 1370 2670; baseline -0.002 -13"><span class='ocrx_word' id='word_1_220' title='bbox 151 2613 234 2659; x_wconf 88' lang='lat' dir='ltr'>Hic</span> <span class='ocrx_word' id='word_1_221' title='bbox 256 2612 430 2669; x_wconf 87' lang='lat' dir='ltr'>juvenis</span> <span class='ocrx_word' id='word_1_222' title='bbox 454 2612 641 2670; x_wconf 83' lang='lat' dir='ltr'>primam</span> <span class='ocrx_word' id='word_1_223' title='bbox 664 2617 768 2654; x_wconf 86' lang='lat' dir='ltr'>ante</span> <span class='ocrx_word' id='word_1_224' title='bbox 790 2611 930 2655; x_wconf 85' lang='lat' dir='ltr'>aciem</span> <span class='ocrx_word' id='word_1_225' title='bbox 954 2612 1165 2655; x_wconf 84' lang='lat' dir='ltr'>stridente</span> <span class='ocrx_word' id='word_1_226' title='bbox 1189 2611 1370 2669; x_wconf 85' lang='lat' dir='ltr'>sagitta,</span> 
     </span>
    </p>
   </div>
   <div class='ocr_carea' id='block_1_7' title="bbox 1493 400 1581 445">
    <p class='ocr_par' dir='ltr' id='par_1_11' title="bbox 1493 400 1581 445">
     <span class='ocr_line' id='line_1_36' title="bbox 1493 400 1581 445; baseline -0.023 0"><span class='ocrx_word' id='word_1_227' title='bbox 1493 400 1581 445; x_wconf 83' lang='lat'>500</span> 
     </span>
    </p>
   </div>
   <div class='ocr_carea' id='block_1_8' title="bbox 1495 755 1583 798">
    <p class='ocr_par' dir='ltr' id='par_1_12' title="bbox 1495 755 1583 798">
     <span class='ocr_line' id='line_1_37' title="bbox 1495 756 1523 798; textangle 90"><span class='ocrx_word' id='word_1_228' title='bbox 1495 756 1523 798; x_wconf 59' lang='grc' dir='ltr'>(ιι</span> 
     </span>
     <span class='ocr_line' id='line_1_38' title="bbox 1526 755 1583 797; textangle 90"><span class='ocrx_word' id='word_1_229' title='bbox 1526 755 1583 797; x_wconf 63' lang='lat'>53</span> 
     </span>
    </p>
   </div>
   <div class='ocr_carea' id='block_1_9' title="bbox 1498 1110 1586 1154">
    <p class='ocr_par' dir='ltr' id='par_1_13' title="bbox 1498 1110 1586 1154">
     <span class='ocr_line' id='line_1_39' title="bbox 1498 1110 1586 1154; baseline -0.023 0"><span class='ocrx_word' id='word_1_230' title='bbox 1498 1110 1586 1154; x_wconf 88' lang='grc'>510</span> 
     </span>
    </p>
   </div>
  </div>
 </body>
</html>
