1757 2916
180 134 268 178 236
674 143 903 174 AENEIDos
936 142 1022 173 Lm.
1059 141 1100 172 x.

181 254 491 310 Centenasque
513 267 687 309 manus,
712 251 1037 308 quinquaginta
1061 250 1205 293 oribus
1228 249 1374 305 ignem

180 323 529 382 Pectoribusquc
553 324 718 379 arsisse,
743 322 868 365 Jovis
891 336 1029 377 quum
1052 321 1240 363 fulmina
1263 324 1416 362 contra

180 397 267 439 Tot
290 397 468 453 paribus
492 400 704 451 streperet
728 393 892 449 clipeis,
918 397 985 434 tot
1009 392 1241 447 stringeret
1264 405 1385 433 enses
1406 403 1417 433 :

181 468 251 512 Sic
275 473 370 510 toto
395 467 568 509 Aeneas
591 465 786 508 desaevit
808 464 854 506 in
878 477 1063 518 aequore
1085 463 1238 512 victor,

181 538 247 581 Ut
271 538 403 581 semel
425 536 619 594 intepuit
642 549 803 577 muers).
870 533 987 586 Quin
1010 547 1108 575 ecce
1132 533 1324 589 Niphaei

180 608 469 664 Quadriiuges
491 606 536 648 in
559 620 692 662 equos
715 606 984 661 adversaque
1007 610 1183 660 pectora
1206 603 1351 646 tendit
1370 616 1380 656 ;

179 680 333 735 Atque
356 679 421 720 illi
443 679 569 734 longe
592 677 869 734 gradientem
892 676 1058 719 et-dira
1079 676 1342 718 frementem

180 750 246 793 Ut
270 750 427 804 videre,
453 755 578 791 nictu
600 748 712 791 versi
736 753 934 803 retroque
959 754 1133 790 ruentes

178 821 518 876 Effunduntque
541 821 713 875 ducem,
739 819 1007 876 rapiuntque
1031 819 1087 861 ad
1109 818 1238 860 litora
1260 830 1449 860 currum.

178 892 355 934 Interea
377 890 540 947 bijugis
561 890 694 932 insert
717 904 760 950 se
783 889 989 946 Lucagus
1011 888 1122 931 albis

177 962 231 1005 In
253 962 418 1005 medios
440 961 662 1018 fraterque
685 961 814 1019 Liger
833 976 844 1016 3
880 961 956 1003 sed
977 961 1111 1003 frater
1132 959 1314 1002 habenis

177 1033 348 1076 Flectit
374 1047 521 1088 equos,
547 1032 753 1075 strictum
777 1037 895 1074 rotat
918 1046 1017 1074 acer
1039 1031 1246 1087 Lucagus
1269 1044 1430 1073 ensem.

178 1103 315 1146 Haud
338 1104 444 1146 tulit
463 1102 639 1145 Aeneas
663 1107 788 1145 tanto
810 1102 974 1144 fervore
997 1101 1216 1144 furentes:

177 1173 328 1229 Irruit,
354 1175 620 1230 adversaque
643 1173 797 1229 ingens
819 1172 1027 1229 apparuit
1049 1171 1190 1215 hasta.

178 1245 264 1288 Cui
286 1245 442 1302 Liger:

176 1315 205 1338 “
224 1316 324 1359 Non
349 1316 575 1360 Diomedis
600 1331 746 1372 equos,
770 1331 849 1359 nec
873 1331 1050 1359 currum
1074 1316 1212 1358 cernis
1235 1315 1402 1358 Achilli

177 1386 204 1407 “
219 1387 316 1429 Aut
340 1388 556 1443 Phrygiae
581 1401 756 1442 campos
774 1400 784 1440 ;
820 1401 937 1428 nunc
958 1386 1063 1428 belli
1085 1386 1185 1428 finis
1208 1391 1253 1427 et
1276 1385 1374 1427 aevi

178 1457 205 1478 ‘⁴
227 1457 310 1500 His
332 1458 512 1500 dabitur
532 1457 698 1500 terris.'’
763 1457 940 1499 Vesano
963 1457 1073 1499 talia
1093 1457 1185 1498 late

180 1528 315 1574 Dicta
337 1529 486 1570 volant
508 1527 679 1585 Ligeri3
715 1529 790 1571 sed
812 1543 899 1570 non
922 1532 966 1570 et
992 1527 1150 1570 Troius
1171 1526 1296 1569 heros

177 1598 312 1642 Dicta
335 1605 463 1656 parat
487 1606 662 1644 contra:
693 1599 892 1656 jaculum
915 1614 1019 1641 nain
1041 1604 1220 1655 torquet
1242 1598 1287 1640 in
1310 1598 1469 1640 hostes.

177 1669 382 1727 Lucagus
405 1675 457 1713 ut
481 1685 641 1726 pronus
664 1671 860 1727 pendens
882 1670 929 1712 in
951 1670 1130 1712 verbera
1154 1669 1245 1712 telo

173 1741 421 1784 Admonuit
443 1741 629 1798 bijugos,
652 1740 844 1798 projecto
867 1741 974 1783 dum
997 1741 1106 1797 pede
1127 1741 1251 1783 laevo

174 1812 322 1869 Aptat
345 1827 389 1855 se
411 1827 587 1870 pugnae
605 1827 616 1868 ;
651 1813 770 1855 subit
793 1827 889 1855 oras
911 1812 1040 1854 hasta
1063 1826 1139 1867 per
1159 1812 1271 1853 imas

173 1882 407 1939 Fulgentis
430 1883 572 1939 clipei,
597 1888 698 1925 tum
718 1883 896 1925 laevum
917 1881 1106 1938 perforat
1127 1882 1315 1938 inguen:

173 1953 398 1995 Excussus
422 1967 551 1995 curru
574 1952 861 1994 moribundus
884 1952 1074 1994 volvitur
1096 1952 1220 1995 arvis.

174 2024 315 2078 Quem
338 2024 437 2080 pius
459 2023 634 2066 Aeneas
646 2022 786 2066 dictis
809 2022 969 2067 affatur
991 2022 1149 2065 amaris
1167 2036 1186 2081 :-

175 2096 204 2117 “
225 2097 414 2152 Lucage,
439 2096 560 2138 nulla
582 2100 683 2137 tuos
705 2109 856 2137 currus
877 2095 982 2151 suga
1004 2094 1147 2151 segnis
1169 2109 1382 2151 equorum

176 2166 204 2188 ‘⁶
224 2167 438 2221 Prodidit,
462 2171 542 2208 aut
564 2180 700 2207 vanae
724 2170 889 2207 vertere
912 2179 966 2207 ex
989 2165 1188 2207 hostibus
1211 2162 1392 2207 umbrae
1412 2179 1422 2219 ;

173 2237 202 2259 ‘⁴‘
223 2238 325 2294 Ipse
348 2238 452 2280 rotis
475 2236 632 2280 saliens
649 2236 756 2292 juga
779 2237 979 2280 deseris.”
1044 2236 1167 2278 Haec
1190 2236 1254 2279 ita
1275 2235 1398 2279 satus

172 2309 380 2366 Arripuit
403 2308 582 2365 bijugos.
647 2307 805 2350 Frater
828 2308 1041 2350 tendebat
1063 2308 1226 2351 inertes

173 2381 335 2423 Infelix
357 2380 540 2437 palmas,
567 2393 695 2422 curru
717 2379 922 2435 delapsus
945 2380 1121 2424 eodem:

171 2451 303 2495 “Per
325 2458 383 2508 tc,
409 2466 484 2508 per
505 2452 582 2507 qui
605 2456 649 2493 te
674 2450 809 2492 talem
832 2464 1017 2506 genuere
1039 2455 1256 2506 parenteS,
1311 2439 1317 2446 ³

1528 530 1615 575 ,570

1548 970 1551 972 ,
1528 887 1554 929 (Ξῖ

1557 884 1584 929 ‘41

1588 888 1614 928 tn

1524 1241 1614 1286 580

1522 2308 1548 2349 δι

1555 2307 1577 2349 <0

1583 2307 1609 2349 Q(

172 2521 200 2544 “
220 2522 302 2565 Vir
326 2522 527 2578 Trojane,
552 2521 644 2564 sinc
666 2520 778 2563 hanc
802 2520 1010 2576 animam,
1030 2525 1075 2563 ct
1097 2520 1298 2562 miserere
1321 2518 1565 2576 precantis!
1583 2519 1605 2537 '’

172 2592 380 2636 Pluribus
403 2592 547 2635 oranti
569 2591 767 2634 Aeneas:
806 2590 832 2611 ‘⁶
852 2590 986 2633 Haud
1011 2591 1119 2634 talia
1141 2590 1312 2634 dudum
