1731 2923
589 145 820 175 AENEmos
852 146 937 176 LIB.
976 146 1036 176 vl.
1451 133 1535 176 129

107 254 252 297 Irruat
275 259 320 296 et
342 253 504 296 frustra
525 252 637 295 ferro
658 252 901 295 diverberet
924 253 1114 295 umbras.

196 324 314 366 Hinc
336 323 421 379 via,
443 323 647 365 Tartarei
669 337 781 379 quae
803 323 887 365 fert
911 322 1173 365 Acherontis
1192 323 1248 365 ad
1270 322 1422 364 undas.
1448 322 1537 365 295

109 394 331 437 Turbidus
352 394 421 436 hic
445 408 577 436 coeno
598 399 811 449 vastaque
834 394 1035 450 voragine
1058 408 1214 450 gurges

107 464 298 507 Aestuat
321 470 453 520 atque
477 478 651 507 omnem
675 464 838 520 Cocyto
862 469 1032 507 eructat
1056 479 1245 508 arenam.

107 534 301 577 Portitor
322 535 400 577 has
423 534 662 577 horrendus
684 548 818 590 aquas
843 540 887 577 et
909 534 1094 576 fiumina
1117 539 1262 577 servat

109 604 310 647 Terribili
333 605 531 661 squalore
556 605 743 660 Charon,
768 605 840 647 cui
862 605 1052 661 plurima
1074 610 1223 647 mento

109 676 302 720 Canities
324 677 492 719 inculta
508 676 642 733 jacet,
667 682 789 719 stant
810 676 982 719 lumina
1003 676 1195 731 flamma,
1450 675 1537 717 300

110 747 319 791 Sordidus
341 763 395 790 ex
416 748 608 790 humeris
629 748 740 790 nodo
764 748 982 804 dependet
1005 747 1192 789 amictus
1213 760 1224 801 ;

109 818 209 874 Ipse
233 825 372 861 ratem
395 823 524 861 conto
547 818 710 875 subigit
731 818 923 873 velisque
945 817 1186 872 ministrat,

115 889 178 931 Et
200 888 446 945 ferruginea
469 889 697 931 subvectat
720 903 896 944 corpora
918 888 1088 944 cymba,

107 959 139 1001 J
143 973 215 1001 am
237 959 390 1014 senior,
416 959 490 1001 sed
513 959 646 1000 cruda
668 959 746 1000 deo
768 959 1002 1013 viridisque
1026 963 1240 1001 senectus.

110 1029 210 1071 Huc
234 1029 372 1071 omnis
395 1029 525 1071 turba
548 1029 605 1071 ad
628 1029 744 1085 ripas
766 1028 904 1071 effusa
925 1029 1093 1083 ruebat,
1448 1028 1540 1070 305

109 1099 274 1141 Matres
297 1104 431 1154 atque
452 1097 546 1154 viri,
571 1099 865 1154 defunctaque
887 1112 1064 1154 corpora
1085 1097 1180 1140 vita

110 1169 446 1226 MagnanimUm
466 1169 660 1225 heroum,
684 1170 809 1226 pueri
828 1170 1131 1226 innuptaeque
1154 1168 1341 1226 puellae,

108 1241 398 1297 Impositique
420 1241 534 1297 rogis
550 1239 734 1296 juvenes
755 1245 858 1283 ante
881 1250 953 1284 ora
975 1245 1237 1297 parentum:

110 1311 253 1364 Quam
277 1312 421 1354 multa
442 1311 488 1354 in
513 1312 630 1354 silvis
653 1311 888 1354 auctumni
907 1311 1063 1368 frigore
1085 1311 1226 1368 primo

109 1381 255 1438 Lapsa
279 1383 444 1425 cadunt
465 1382 581 1438 folia,
605 1388 684 1425 aut
706 1383 763 1425 ad
785 1388 948 1425 terram
969 1382 1143 1439 gurgite
1166 1383 1220 1425 ab
1243 1382 1333 1424 alto
1454 1380 1543 1423 310

111 1453 253 1505 Quam
274 1453 439 1495 multae
463 1453 760 1509 glomerantur
782 1467 896 1508 aves,
914 1453 991 1495 ubi
1012 1452 1194 1509 frigidus
1217 1467 1359 1494 annus

110 1523 249 1564 Trans
271 1527 459 1578 pontum
478 1522 606 1579 fugat
629 1527 673 1564 ct
697 1523 821 1565 terris
843 1522 1052 1565 immittit
1075 1522 1245 1578 apricis.

112 1593 301 1636 Stabant
324 1597 498 1634 orantes
520 1591 653 1648 primi
673 1592 973 1634 transmittere
996 1606 1188 1646 cursum,

114 1662 459 1719 Tendebantque
481 1677 639 1705 manus
662 1662 779 1719 ripae
801 1663 1016 1705 ulterioris
1038 1676 1182 1704 amore
1199 1675 1210 1716 3

111 1733 278 1776 Navita
301 1734 375 1776 sed
398 1733 537 1776 tristis
559 1748 676 1776 nunc
699 1734 790 1789 hos,
815 1747 930 1775 nunc
954 1733 1116 1789 accipit
1140 1733 1249 1788 illos,
1447 1733 1535 1775 315

111 1805 201 1848 Ast
223 1805 328 1847 alios
349 1805 475 1861 longe
498 1804 721 1847 submotos
742 1810 860 1846 arcet
883 1818 1024 1846 arena.

111 1875 494 1920 Aeneas-miratus
516 1875 634 1917 enim
654 1880 888 1931 motusque
912 1874 1135 1931 tumultu-

113 1946 142 1968 “
161 1947 243 1989 Dic
261 1948 286 1966 ''
310 1946 373 1988 ait
398 1945 428 1967 “
444 1960 468 1988 o
489 1945 622 2002 virgo,
647 1945 754 2001 quid
774 1945 870 1988 vult
893 1959 1123 1987 concursus
1146 1944 1203 1986 ad
1225 1958 1400 1986 amnem
1419 1957 1430 1997 ;

115 2018 142 2039 ‘⁶
161 2018 329 2072 Quidve
352 2021 513 2073 petunt
535 2016 721 2072 animae,
744 2016 815 2058 vel
836 2029 922 2072 quo
943 2015 1190 2058 discrimine
1213 2014 1328 2071 ripas

114 2088 141 2110 “
158 2088 255 2130 Hae
277 2088 500 2143 linquunt,
523 2087 622 2128 illae
645 2086 772 2129 remis
793 2086 906 2128 vada
925 2086 1060 2128 livida
1080 2090 1258 2127 verrunt
1277 2085 1298 2128 Ρ
1317 2086 1342 2103 '’
1453 2085 1542 2126 320

114 2158 202 2202 Olli
224 2157 283 2200 sic
304 2157 492 2199 breviter
512 2155 606 2197 fata
628 2160 695 2198 est
716 2156 926 2211 longaeva
948 2155 1143 2198 sacerdos
1160 2169 1169 2198 :

116 2229 142 2250 ‘⁴
161 2227 357 2270 Anchisa
379 2231 594 2283 generate,
612 2226 746 2268 deum
766 2225 1007 2267 certissima
1028 2226 1182 2281 proles,

115 2299 143 2320 ‘⁶
165 2297 320 2353 Cocyti
345 2302 502 2352 stagna
524 2296 616 2337 alta
636 2295 758 2337 vides
783 2295 1067 2350 Stygiamque
1090 2294 1311 2350 paludem,

119 2369 143 2391 ³⁴
164 2369 223 2411 Di
245 2367 371 2424 cujus
388 2366 533 2423 jurare
557 2366 717 2408 timent
739 2371 783 2408 et
804 2365 953 2407 fallere
975 2378 1151 2407 numen.
1456 2362 1546 2406 324

117 2439 145 2461 “
165 2439 286 2482 Haec
309 2438 460 2492 omnis,
481 2451 613 2493 quam
635 2436 784 2491 cernis,
804 2436 928 2492 inops
950 2435 1268 2489 inhumataque
1291 2433 1423 2475 turba
1445 2437 1510 2475 est
1529 2447 1540 2487 ;

119 2509 145 2531 ‘⁶
164 2509 358 2552 Portitor
377 2508 451 2550 ille
477 2507 648 2550 Charon
667 2520 677 2550 :
710 2506 770 2561 hi,
790 2520 896 2562 quos
917 2505 1039 2548 vehit
1061 2505 1197 2560 unda,
1222 2504 1386 2560 sepulti
1407 2517 1418 2557 ;
1453 2504 1540 2546 326

119 2579 147 2601 “
166 2579 261 2622 Nec
284 2579 399 2635 ripas
420 2579 553 2621 datur
573 2577 806 2620 horrendas
828 2581 873 2619 et
895 2590 1027 2618 rauca
1048 2575 1217 2618 fluenta

536 2646 583 2685 624
