1757 2916
135 126 221 169 184
600 140 832 170 AENEIDOS
864 141 951 171 LIB.
988 141 1087 172 V111.

135 246 161 267 “
181 246 276 300 Quo
300 247 396 303 tibi,
421 248 536 304 diva,
561 248 648 290 mei
667 249 689 292 Ρ
758 248 921 292 Similis
944 248 980 291 si
1002 263 1107 292 cura
1128 249 1316 305 fuisset:

134 317 160 338 ‘⁶
181 318 296 360 Tum
320 333 490 375 quoque
513 320 576 362 fas
598 320 722 362 nobis
747 319 934 363 Teucros
956 335 1123 363 armare
1145 321 1327 366 fuisset:

135 389 162 410 “
182 390 275 433 Nec
299 397 424 447 pater
445 392 722 448 omnipotens
747 390 926 447 Trojam
947 406 1027 434 nec
1049 392 1142 435 fata
1163 394 1378 436 vetabant

135 460 162 481 ‘⁴
179 458 328 518 Stare,'
344 464 581 518 decemque
604 463 712 506 alios
735 462 966 505 Priamum
988 478 1210 520 superesse
1232 480 1309 522 per
1330 479 1480 509 annos.

135 532 240 575 “Et
261 548 394 589 1111110,
421 534 457 576 si
479 534 640 576 bellare
664 548 790 590 paras
814 539 950 590 atque
972 534 1080 577 haee
1103 535 1186 577 tibi
1209 550 1332 579 mens
1354 542 1435 592 est,
1481 536 1572 579 400

136 603 164 624 “
182 604 407 659 Quidquid
429 603 475 645 in
497 610 592 646 arte
615 618 714 646 mea
737 619 917 661 possum
939 606 1196 661 promittere
1219 620 1360 662 curae,

133 674 159 694 ‘⁶
183 675 310 728 Quod
332 674 426 716 fieri
447 674 558 717 ferro
579 675 801 730 liquidove
823 681 971 732 potest
994 676 1170 732 electro,

134 745 410 798 “Quantum
431 746 554 802 ignes
576 746 837 802 animaeque
860 747 1026 803 valent,
1050 747 1214 790 absiste
1236 748 1454 804 precando

134 817 160 837 ‘⁶
180 816 360 860 Viribus
382 817 633 860 indubitare
656 817 788 862 tuis.”
851 818 920 860 Ea
943 819 1074 861 verba
1095 819 1272 862 locutus
1422 872 1427 876 .

135 888 333 945 Optatos
354 889 476 932 dedit
499 890 744 946 amplexus,
769 890 1083 946 placidumque
1106 890 1267 946 petivit
1482 889 1571 934 405

134 960 344 1018 Conjugis
367 961 540 1003 infusus
561 961 725 1018 gremio
747 976 823 1018 per
847 962 1046 1004 membra
1069 976 1277 1018 soporem.

133 1032 242 1074 Inde
264 1032 342 1075 ubi
363 1032 507 1089 prima
530 1033 652 1088 quies
673 1033 819 1076 medio
835 1032 931 1089 jam
952 1033 1094 1076 noctis
1116 1033 1301 1075 abactae

134 1103 361 1146 Curriculo
386 1104 616 1160 expulerat
639 1119 859 1160 somnum,
884 1119 1023 1160 quum
1045 1104 1209 1147 femina
1230 1104 1438 1161 primum,

135 1173 220 1217 Oui
241 1175 422 1217 tolerare
446 1175 538 1217 0010
560 1174 702 1217 vitam
724 1175 936 1231 tenuique
952 1175 1177 1233 ‘Minerva'
1282 1174 1293 1186 ⁶
1462 1220 1464 1223 ,

134 1244 414 1301 Impositum,
440 1245 627 1288 cinerem
650 1250 695 1288 et
718 1246 880 1302 sopitos
904 1245 1090 1289 suscitat
1111 1246 1248 1303 ignes,
1483 1245 1573 1289 410

133 1315 323 1358 Noctem
346 1316 512 1359 addens
537 1316 668 1373 operi,
692 1317 966 1373 famulasque
989 1317 1046 1359 ad
1069 1317 1241 1360 lumina
1262 1317 1391 1374 longo

135 1386 326 1429 Exercet
349 1401 497 1443 penso,
523 1393 697 1429 castum
719 1393 771 1430 ut
794 1402 961 1430 servare
984 1388 1128 1430 cubile

137 1457 348 1514 Conjiigis
370 1463 414 1500 et
437 1459 573 1514 possit
596 1473 753 1514 parvos
775 1459 955 1501 educere
977 1464 1129 1502 natos:

133 1529 270 1571 Haud
293 1543 415 1571 secus
438 1529 698 1586 Ignipotens
723 1544 801 1572 nec
825 1535 1019 1587 tempore
1043 1530 1213 1587 segnior
1233 1531 1310 1574 1Πο
1470 1569 1476 1577 .

134 1600 344 1643 Mollibus
367 1616 390 1643 e
413 1600 566 1643 stratis
588 1616 717 1658 opera
740 1602 797 1644 ad
818 1601 994 1644 fabrilia
1017 1602 1168 1659 surgit.
1481 1601 1571 1647 415

133 1672 289 1715 Insula
315 1672 543 1716 Sicanium
560 1672 694 1728 juxta
715 1673 835 1715 latus
857 1673 1148 1730 Aeoliamque

134 1744 334 1801 Erigitur
356 1744 560 1801 Liparen,
583 1744 862 1787 fumantibus
884 1745 1022 1787 ardua
1045 1745 1177 1801 saxis,

135 1815 279 1868 Quam
303 1815 454 1857 subter
475 1829 630 1871 specus
653 1820 697 1857 et
722 1815 968 1871 Cyclopum
991 1830 1119 1858 exesa
1141 1815 1325 1858 caminis

135 1886 280 1927 Antra
301 1885 503 1927 Aetnaea
524 1891 684 1927 tonant
691 1918 703 1939 ,
727 1885 948 1941 validique
970 1885 1204 1928 incudibus
1224 1886 1341 1929 ictus

135 1954 293 1997 Auditi
315 1955 507 1997 referunt
529 1954 760 2011 gemitum,
786 1954 1067 2011 striduntque
1089 1956 1284 1999 cavernis
1480 1956 1570 2000 420

136 2026 379 2069 Stricturae
404 2025 667 2081 Chalybum,
692 2031 736 2068 et
758 2026 1002 2069 fornacibus
1025 2026 1138 2084 ignis
1160 2027 1339 2071 anhelat
1358 2041 1369 2082 ;

136 2096 329 2139 Vulcani
351 2098 505 2140 domus
527 2102 572 2139 et
596 2096 816 2140 Vulcania
837 2098 1011 2141 nomine
1035 2099 1178 2143 tellus.

136 2167 232 2210 Hoc
255 2173 363 2210 tunc
386 2167 645 2225 Ignipotens
667 2169 783 2212 00010
805 2170 1031 2212 descendit
1055 2170 1111 2213 ab
1133 2171 1236 2215 alto.

137 2238 324 2281 Ferrum
346 2239 607 2282 exercebant
633 2244 756 2281 vasto
770 2239 995 2297 >Cyclopes
1016 2241 1064 2283 in
1085 2247 1227 2297 antro,

137 2309 411 2366 Brontesque
437 2310 725 2367 Steropesque
749 2317 792 2352 et
817 2312 961 2354 nudus
985 2313 1179 2355 membra
1203 2313 1462 2370 Pyracmon.
1482 2314 1569 2358 425

138 2381 219 2423 His
242 2381 525 2424 informatum
551 2382 753 2424 manibus
770 2382 861 2436 jam
889 2389 1013 2438 parte
1037 2384 1176 2438 polita

139 2452 324 2495 Fulmen
351 2459 471 2508 erat;
508 2458 602 2495 toto
625 2453 792 2509 genitor
815 2468 927 2508 quae
951 2454 1139 2509 plurima
1162 2455 1279 2498 coelo

140 2523 302 2579 Dejicit
326 2525 372 2566 111
395 2530 557 2578 terras3
593 2539 692 2580 pars
715 2524 969 2580 1111110111)οω
993 2526 1226 2569 manebat:

140 2593 246 2637 Tres
270 2595 419 2639 imbris
444 2596 545 2638 torti
573 2595 725 2651 radios,
752 2600 836 2637 tres
863 2595 987 2637 nubis
1012 2611 1197 2652 aquosae
