1731 2923
576 132 808 163 AENEIDos
840 133 926 165 Lm.
961 134 990 165 1.
1444 127 1501 170 23

73 239 100 260 ‘⁶
117 238 269 283 Litora
284 237 479 296 jactetur
499 240 608 283 odiis
629 239 820 284 {sunonis
840 240 1033 297 iniquae,

72 309 102 331 “
118 309 238 352 Nota
259 309 358 366 tibi,
382 314 426 352 et
448 314 597 353 nostro
619 310 800 354 doluisti
822 325 950 367 saepe
972 312 1126 356 dolore.
1166 311 1227 358 *γ’-ὴ

72 379 99 400 “
116 379 248 422 Hunc
266 379 507 423 Phoenissa
528 385 651 423 tenet
675 380 791 423 Dido
809 380 1070 438 blandisque
1093 388 1290 425 moratur
1414 382 1501 429 670

71 450 98 471 “
117 449 324 506 Vocibus,
349 456 394 494 et
415 465 573 505 vereor,
593 465 680 507 quo
703 465 746 493 se
767 450 966 494 Junonia
989 457 1167 496 vertant

71 521 98 541 ‘⁶
114 521 347 578 Hospitia:
381 521 503 565 haud
524 527 651 564 tanto
674 522 860 565 cessabit
884 523 1057 566 cardine
1081 539 1236 568 rerum.

70 591 96 612 “
116 592 326 646 Quocirca
349 607 501 649 capere
524 598 629 635 ante
652 592 762 636 dolis
784 597 829 635 et
848 592 1022 650 cingere
1045 594 1227 637 flamma

69 662 96 683 “
115 663 335 719 Reginam
355 664 555 719 meditor,
578 678 633 706 ne
656 678 741 720 quo
763 678 808 706 se
830 664 1012 707 numine
1034 670 1195 721 mutet,

69 723 98 755 ‘²
117 735 203 778 Sed
224 749 383 791 magno
404 734 581 777 Aeneae
602 748 778 777 mecum
799 739 1004 777 teneatur
1025 750 1181 780 amore.
1413 737 1499 782 675

69 805 98 826 ‘⁶
113 805 210 860 Qua
230 806 372 849 facere
393 806 440 849 id
461 805 613 862 possis,
637 812 834 849 nostram
854 821 972 849 nunc
995 807 1142 865 accipe
1164 814 1361 852 mentem
1383 824 1391 853 :

69 875 98 897 ‘⁴
115 875 280 932 Regius
302 876 449 919 accitu
470 876 559 919 cari
578 876 786 932 genitoris
809 877 866 919 ad
888 877 1043 919 urbem

68 945 96 966 “
112 946 336 989 Sidoniam
358 960 468 1003 puer
487 946 547 989 ire
569 951 712 1003 parat,
736 960 835 988 mea
855 947 1052 990 maxima
1075 962 1192 1004 cura,

68 1016 97 1038 “
117 1017 244 1059 Dona
266 1016 406 1060 ferens
429 1017 584 1074 pelago
607 1022 652 1059 et
674 1016 864 1059 fiammis
887 1017 1102 1060 restantia
1128 1018 1282 1075 Trojae
1305 1034 1314 1064 :

68 1087 95 1108 ‘⁴
113 1087 245 1130 Hunc
268 1102 346 1144 ego
369 1087 564 1144 sopitum
588 1103 739 1131 somno
761 1102 890 1144 super
911 1088 1006 1131 alta
1029 1088 1221 1145 Cythera
1405 1094 1492 1136 680

67 1157 94 1179 “
110 1157 207 1201 Aut
230 1172 362 1215 super
382 1158 579 1201 Idalium
600 1163 770 1201 sacrata
792 1158 892 1201 sede
915 1160 1162 1216 recondam,

67 1229 94 1250 ‘⁶
109 1229 178 1272 Ne
199 1243 288 1285 qua
310 1228 415 1272 scire
437 1229 556 1273 dolos
577 1229 800 1272 mediusve
823 1244 1044 1273 occurrere
1067 1232 1204 1287 possit
1225 1246 1236 1286 3

67 1299 94 1320 “
110 1300 180 1343 Tu
200 1300 357 1343 faciem
377 1300 497 1343 illius
519 1305 694 1343 noctem
715 1316 802 1344 non
824 1301 1015 1358 amplius
1037 1316 1176 1345 unam

67 1371 94 1392 ‘⁴
111 1371 235 1414 Falle
256 1372 366 1427 dolo,
390 1377 435 1415 et
456 1377 581 1415 notos
604 1372 729 1428 pueri
751 1387 859 1428 puer
878 1372 1012 1415 indue
1036 1374 1201 1430 vultus,
1251 1409 1253 1411 .

67 1441 95 1462 “
112 1441 192 1498 Ut,
217 1456 355 1498 quum
377 1447 422 1485 te
444 1442 607 1500 gremio
630 1443 816 1499 accipiet
838 1444 1080 1487 laetissima
1103 1444 1222 1488 Dido
1408 1448 1495 1492 685

67 1512 93 1533 ‘⁶
109 1513 292 1569 Regales
314 1512 432 1555 inter
452 1527 627 1556 mensas
649 1513 912 1569 laticemque
935 1513 1148 1570 Lyaeum,

66 1582 258 1637 “Quum
279 1583 403 1626 dabit
425 1583 654 1639 amplexus
677 1588 811 1639 atque
834 1585 979 1626 oscula
1001 1585 1148 1627 dulcia
1169 1586 1292 1642 figet,

65 1654 94 1675 ‘⁶
115 1654 356 1697 Occultum
376 1653 558 1710 inspires
579 1653 729 1711 ignem
749 1654 962 1711 fallasque
985 1657 1193 1699 veneno.''
1242 1699 1245 1701 ,

65 1725 197 1767 Paret
219 1724 358 1767 Amor
373 1724 503 1767 dictis
526 1739 650 1767 carae
673 1724 917 1781 genetricis,
943 1730 988 1768 et
1011 1725 1104 1769 alas

63 1795 288 1852 Exuit,et
309 1809 461 1851 gressu
481 1795 678 1852 gaudens
699 1795 865 1838 incedit
887 1796 991 1839 Iuli.
1407 1800 1495 1844 690

62 1866 129 1909 At
147 1866 304 1909 ‘Venus
326 1866 516 1910 Ascanio
539 1865 759 1923 placidam
780 1881 859 1923 per
878 1867 1076 1910 membra
1098 1867 1295 1924 quietem

0 1972 13 1986 „
64 1936 238 1994 Irrigat,
263 1941 308 1980 et
329 1936 475 1980 fotum
495 1936 657 1994 gremio
679 1937 760 1980 dea
781 1936 899 1980 tollit
922 1937 970 1980 in
991 1937 1103 1981 altos

63 2008 229 2051 Idaliae
250 2009 384 2064 lucos,
407 2008 485 2051 ubi
505 2008 651 2051 mollis
673 2023 901 2052 amaracus
922 2009 1055 2051 illum

62 2076 264 2121 Floribus
287 2083 333 2120 et
354 2078 474 2121 dulci
495 2078 722 2136 adspirans
746 2078 1250 2136 complectitur-umbra.

62 2147 256 2204 Jamque
277 2148 388 2204 ibat,
412 2148 531 2192 dicto
554 2163 726 2206 parens,
750 2153 795 2191 et
818 2149 932 2192 dona
955 2148 1127 2205 Cupido
1408 2151 1495 2193 695
1551 2187 1556 2193 .

64 2218 206 2275 Regia
227 2218 433 2275 portabat
457 2218 614 2274 Tyriis,
638 2219 748 2261 duce
772 2218 918 2262 laetus
940 2218 1129 2262 Achate.

65 2287 213 2341 Quum
234 2287 370 2343 venit,
394 2287 558 2331 aulaeis
574 2287 670 2343 jam
692 2303 735 2331 se
758 2288 909 2345 regina
932 2287 1131 2344 superbis

63 2359 211 2416 Aurea
233 2359 480 2416 composuit
502 2359 670 2415 sponda
689 2359 965 2414 mediamque
987 2357 1149 2400 locavit
1167 2370 1180 2412 ;

63 2429 95 2472 J
98 2443 171 2472 am
192 2434 320 2486 pater
340 2429 515 2472 Aeneas
537 2434 581 2471 et
599 2429 694 2486 jam
717 2429 905 2487 Trojana
921 2428 1135 2485 juventus

66 2490 358 2556 Conveniilnt,
384 2499 608 2557 strat'oque
632 2492 760 2559 su'per
782 2489 1224 2543 disdumbituwostro.
1409 2498 1496 2544 700

68 2570 190 2614 Dant
212 2572 415 2616 manibus
435 2571 593 2615 famuli
614 2572 833 2629 lymphas,
861 2571 1150 2629 Cereremque
1173 2570 1376 2615 canistris
