1731 2923
593 141 822 173 AENEIDos
853 142 940 174 ΜΒ.
979 142 1021 173 v.
1440 133 1523 177 115

93 252 303 295 Mutabat
324 266 513 307 versans,
540 250 754 303 Siculisne
776 250 981 293 resideret
1003 250 1131 307 arvis,

97 323 276 367 Oblitus
297 324 503 378 fatorum,
528 323 725 365 Italasne
748 327 995 378 capesseret
1018 337 1124 365 oras.

93 394 210 436 Tum
233 394 374 437 senior
395 393 581 449 Nautes,
605 408 747 436 unum
771 393 971 436 Tritonia
995 393 1144 435 Pallas

93 467 234 520 Quem
253 465 402 508 docuit
424 465 655 521 multaque
677 465 895 521 insignem
918 464 1107 507 reddidit
1129 469 1238 519 arte,
1437 462 1524 508 705

42 587 47 591 ,
92 536 213 579 Haec
238 551 442 593 responsa
464 536 614 591 dabat,
639 536 708 578 vel
731 550 841 591 quae
864 536 1140 591 portenderet
1163 535 1225 577 ira

94 606 258 663 Magna
279 607 426 662 deum,
450 607 523 648 vel
545 620 656 662 quae
678 607 868 648 fatorum
892 612 1086 662 posceret
1108 607 1222 649 ordo.

93 677 224 733 Isque
247 678 314 720 his
336 677 535 720 Aeneam
558 678 724 720 solatus
745 678 921 720 vocibus
943 678 1043 720 infit
1061 692 1071 721 ε

94 747 121 768 “
140 747 256 790 Nate
278 749 373 803 dea,
400 762 485 804 quo
507 749 601 790 fata
623 748 807 791 trahunt
830 749 1165 804 retrahuntque‚
1193 762 1428 804 sequamur
1445 762 1455 802 3

94 818 119 839 “
142 819 367 875 Quidquid
389 820 485 875 erit,
505 821 753 876 superanda
775 820 914 863 omnis
935 821 1112 863 fortuna
1133 819 1308 862 ferendo
1332 824 1409 862 est.
1437 817 1524 862 710

94 889 122 911 “
143 890 226 933 Est
250 890 333 933 tibi
356 890 606 933 Dardanius
628 890 800 933 divinae
823 891 972 946 stirpis
995 890 1180 933 Acestes
1199 905 1208 933 :

94 960 122 981 “
141 960 273 1003 Hunc
296 975 401 1017 cape
424 960 611 1003 consiliis
634 960 800 1004 socium
823 966 867 1003 et
890 961 1103 1017 conjunge
1125 962 1356 1004 volentem.

95 1031 122 1052 “
141 1031 258 1074 Huic
282 1033 420 1088 trade,
445 1031 616 1075 amissis
640 1036 847 1087 superant
871 1031 949 1087 qui
970 1032 1170 1087 navibus,
1196 1037 1240 1074 et
1265 1046 1372 1088 quos

95 1102 123 1123 ζ(
142 1092 397 1146 Pertaesum
420 1103 571 1160 magni
593 1102 759 1159 incepti
782 1117 1014 1158 rerumque
1036 1108 1214 1146 tuarum
1238 1109 1304 1146 est
1320 1117 1331 1158 ;

95 1174 123 1195 “
140 1174 477 1231 Longaevosque
501 1189 621 1217 senes
644 1189 694 1217 ac
716 1174 849 1217 fessas
872 1189 1058 1230 aequore
1082 1180 1259 1231 matres,
1436 1172 1524 1219 715

96 1246 122 1266 “
142 1246 204 1288 Et
227 1246 443 1302 quidquid
465 1251 613 1288 tecum
636 1245 880 1288 invalidum
904 1251 1193 1302 metuensque
1216 1246 1368 1302 pericli
1391 1251 1472 1303 est,

96 1317 122 1338 ‘⁶
142 1317 309 1374 Delige7
335 1322 379 1359 et
400 1317 467 1360 his
489 1317 680 1359 habeant
704 1317 827 1359 terris
851 1317 941 1359 sine
963 1317 1134 1359 moenia
1155 1317 1254 1360 fessi
1272 1332 1280 1361 :

96 1388 122 1409 ‘⁴
141 1388 309 1431 Urbem
333 1388 623 1445 appellabunt
645 1388 852 1444 permisso
875 1388 1050 1430 nomine
1073 1388 1328 1432 Acestam.”

95 1461 278 1503 Talibus
300 1461 502 1503 incensus
524 1459 655 1502 dietis
679 1459 853 1502 senioris
875 1459 1018 1516 amici,

96 1531 214 1573 Tum
235 1546 334 1573 vero
356 1530 404 1572 in
426 1544 549 1572 curas
572 1529 717 1572 animo
740 1529 966 1572 diducitur
986 1544 1147 1573 omnes.
1437 1527 1525 1573 720

95 1602 156 1644 Et
178 1617 265 1644 nox
287 1606 382 1643 atra
404 1601 555 1658 polum
576 1600 687 1656 bigis
711 1600 919 1643 subvecta
943 1601 1150 1644 tenebat:

95 1672 205 1715 Visa
226 1672 382 1715 dehinc
407 1672 523 1714 coelo
543 1671 675 1713 facies
697 1671 876 1727 delapsa
898 1671 1092 1728 parentis

96 1743 316 1787 Anchisae
340 1743 486 1786 subito
508 1743 620 1785 tales
642 1741 861 1785 effundere
883 1756 1007 1785 voces
1025 1757 1033 1786 :

98 1814 125 1836 “
142 1814 276 1870 Nate,
301 1814 411 1856 mihi
431 1814 525 1856 vita
547 1813 782 1870 quondam⁷
807 1813 915 1856 dum
937 1813 1029 1855 vita
1050 1813 1271 1869 manebat,

98 1885 126 1906 “
145 1885 252 1929 Care
275 1884 430 1941 magis,
453 1890 557 1927 nate
579 1883 725 1926 Iliacis
748 1883 934 1926 exercite
956 1883 1074 1939 fatis,
1437 1880 1466 1927 7
1468 1883 1527 1927 25

98 1955 126 1977 ‘⁴
141 1955 332 2013 Imperio
354 1955 386 1999 J
390 1955 479 1998 ovis
501 1955 586 1999 huc
609 1955 747 2011 venio,
771 1954 849 2011 qui
871 1955 1083 1998 classibus
1103 1955 1252 2011 ignem

99 2026 126 2047 ‘⁶
144 2027 346 2084 Depulit,
371 2032 416 2069 et
439 2027 554 2070 coelo
577 2027 758 2069 tandem
779 2025 1012 2069 miseratus
1034 2027 1090 2069 ab
1114 2027 1203 2069 alto
1227 2031 1304 2070 est.

99 2096 128 2117 “
148 2096 349 2140 Consiliis
371 2111 486 2152 pare,
511 2110 623 2152 quae
645 2111 764 2139 nunc
785 2096 1077 2153 pulcherrima
1099 2096 1272 2139 Nautes

99 2166 126 2188 ‘⁸'
146 2167 239 2209 Dat
261 2166 402 2209 senior
421 2181 431 2220 ;
465 2167 604 2209 lectos
620 2166 817 2222 juvenes,
842 2166 1080 2209 fortissima
1102 2168 1244 2222 corda,

100 2237 127 2259 ‘⁶
146 2237 281 2280 Defer
301 2236 347 2278 in
368 2236 550 2278 Italiam
570 2250 579 2280 :
614 2229 719 2292 gens
741 2237 849 2278 dura
872 2241 1004 2291 atque
1026 2252 1179 2293 aspera
1200 2237 1326 2279 cultu
1439 2235 1526 2281 730

101 2309 128 2330 “
153 2308 425 2351 Debellanda
445 2306 530 2349 tibi
552 2307 679 2349 Latio
702 2312 779 2350 est.
845 2306 965 2349 Ditis
988 2311 1141 2348 tamen
1162 2311 1266 2348 ante

101 2379 130 2401 ‘⁶
148 2379 348 2422 Infernas
371 2379 527 2421 accede
549 2378 711 2432 domm,
738 2383 782 2420 et
804 2376 982 2420 Averna
1003 2391 1081 2433 per
1104 2378 1197 2419 alta

100 2450 128 2472 ‘⁴
150 2451 411 2506 Congressus
432 2454 547 2505 pete,
572 2453 692 2503 nate,
717 2462 945 2490 meos-non
965 2462 1035 2489 me
1057 2447 1194 2503 impia
1215 2461 1406 2502 namque

102 2521 337 2563 “‘Tartara
358 2521 521 2562 habent
544 2518 777 2574 tristesque
800 2518 994 2573 umbrae,
1013 2518 1088 2560 sed
1109 2532 1292 2560 amoena
1313 2517 1482 2574 piorum

103 2590 130 2613 “
148 2591 342 2635 Concilia
362 2589 649 2646 Elysiumque
672 2589 783 2631 0010-
801 2602 812 2643 ;
845 2588 932 2631 huc
955 2592 1078 2631 casta
1101 2588 1268 2645 Sibylla
1438 2585 1524 2631 735
