1757 2916
165 142 257 185 284
637 155 882 185 AENssmos
914 155 1000 186 ΜΒ.
1038 156 1119 188 ΧΗ.

167 263 408 320 Messapus,
433 265 608 328 teloque
631 269 830 306 orantem
853 263 998 305 inulta
1020 264 1182 307 trabali

166 335 367 392 Desuper
390 336 507 378 altus¹
532 349 641 391 equo
665 336 851 391 graviter
872 334 986 390 ferit,
1011 341 1145 391 atque
1169 336 1231 378 ita
1254 336 1398 379 fatur:
1507 336 1598 380 295

166 406 193 427 “
214 407 309 449 Hoc
333 407 483 461 habet,
508 406 613 448 haec
640 406 790 447 11101101·
814 405 985 461 magnis
1007 407 1114 448 data
1136 407 1316 449 victima
1338 407 1491 450 divis.''

167 479 448 522 Concurrunt
471 478 593 532 Itali,
619 478 895 533 spoliantque
919 477 1109 519 calentia
1132 479 1339 521 membra.

165 550 329 592 Obvius
352 549 610 591 ambustum
633 553 794 589 torrem
819 547 1069 603 Corynaeus
1091 548 1146 590 ab
1170 563 1245 591 ara

165 621 370 677 Corripit,
396 626 441 662 et
463 619 656 661 venienti
678 619 828 662 Ebuso
851 619 1115 675 plagamque
1136 619 1295 662 ferenti

164 694 365 748 Occupat
389 706 434 733 os
457 690 674 734 fiammis:
712 690 786 733 olli
808 690 961 747 ingens
985 690 1119 733 barba
1142 691 1320 746 reluxit,
1505 693 1595 735 300

162 764 458 819 Nidoremque
481 763 686 805 ambusta
704 763 838 806 dedit.
907 763 1048 820 Super
1068 763 1160 819 ipse
1185 769 1359 806 secutus

164 835 411 879 Caesarien]
437 835 562 877 laeva
586 835 755 877 turbati
779 835 956 891 corripit
978 835 1129 889 hostis,

163 906 469 963 Impressoque
492 921 608 962 genu
631 906 776 949 nitens
798 911 940 949 terrae
963 906 1159 962 applicat
1182 906 1356 963 ipsum:

164 977 234 1022 Sic
259 977 397 1034 rigido
419 978 537 1019 latus
561 992 660 1019 ense
682 977 799 1022 ferit.
865 977 1112 1020 Podalirius
1134 977 1314 1033 Alsum,

163 1049 394 1092 Pastorem
417 1049 642 1104 primaque
665 1049 757 1092 acie
782 1063 857 1104 per
879 1049 968 1091 tela
990 1053 1209 1104 ruentem,
1417 1093 1420 1095 Α
1507 1049 1594 1093 305

161 1119 281 1162 Ense
306 1133 492 1175 sequens
514 1120 632 1161 nudo
656 1119 986 1174 superimminet
1004 1133 1015 1173 ;
1050 1119 1122 1161 ille
1145 1120 1284 1162 securi

161 1190 350 1234 Adversi
371 1191 561 1233 frontem
583 1190 775 1233 mediam
797 1196 1087 1246 mentumque
1110 1192 1295 1234 reducta

163 1262 356 1317 Disjicit,
383 1266 427 1303 et
451 1276 598 1317 sparso
621 1261 710 1303 late
731 1260 842 1317 rigat
865 1276 986 1303 arma
1009 1275 1170 1304 eruore.

161 1333 251 1376 Olli
273 1334 383 1376 dura
406 1332 528 1388 quies
551 1333 697 1375 oculos
719 1337 763 1374 et
786 1332 949 1374 ferreus
974 1338 1100 1387 urget

163 1405 365 1460 Somnus,
390 1404 436 1446 in
459 1410 682 1446 aeternam
705 1404 976 1446 clauduntur
995 1403 1168 1446 lumina
1190 1409 1375 1448 noctem.
1507 1405 1595 1447 310

161 1476 226 1518 At
250 1476 349 1531 pius
372 1475 544 1518 Aeneas
568 1476 770 1518 dextram
793 1475 1004 1517 tendebat
1027 1475 1252 1518 inermem.

159 1546 342 1590 Nudato
366 1547 525 1603 capite,
551 1552 685 1603 atque
709 1561 808 1590 suos
831 1547 1020 1589 clamore
1043 1546 1254 1590 vocabat:

161 1618 189 1639 ‘⁶
207 1619 302 1672 Quo
326 1619 472 1674 ruitis,
491 1633 656 1674 quaeve
679 1618 766 1661 ista
788 1633 939 1674 repens
963 1618 1178 1661 discordia
1200 1617 1341 1674 surgit
1360 1619 1391 1662 ?·

161 1690 188 1711 ‘⁶
210 1691 247 1735 O
273 1692 471 1734 cohibete
493 1691 579 1733 iras
601 1694 609 1734 !
676 1691 826 1733 Ictum
843 1687 944 1746 jans
958 1690 1109 1733 foedus
1133 1694 1178 1732 et
1197 1704 1346 1733 omnes

161 1761 189 1782 ‘⁴
210 1761 489 1818 Compositae
511 1761 655 1818 leges:
689 1761 799 1803 mihi
816 1760 889 1817 jus
912 1774 1167 1803 concurrere
1191 1760 1291 1804 soli:
1471 1798 1480 1805 ,
1508 1761 1595 1805 315

160 1832 188 1853 “
203 1832 277 1874 Μο
301 1832 444 1887 sinite,
469 1837 603 1887 atque
626 1831 794 1874 auferte
816 1837 974 1874 metus.
1038 1830 1135 1887 Ego
1155 1830 1329 1873 foedera
1349 1830 1454 1873 faxo

163 1902 190 1923 “
209 1903 360 1945 Firma
381 1916 541 1945 manu:
580 1903 782 1944 Turnum
805 1902 966 1944 debent
988 1901 1094 1943 haec
1111 1900 1207 1956 jam
1230 1901 1341 1943 mihi
1367 1901 1532 1944 sacra,'’

159 1975 253 2016 Has
276 1974 390 2016 inter
410 1988 551 2028 voces,
575 1973 721 2015 media
743 1973 860 2015 inter
881 1973 989 2015 talia
1011 1973 1157 2028 verba,

159 2047 291 2100 Ecce,
317 2046 407 2087 viro
431 2045 618 2087 stridens
640 2045 719 2087 alis
742 2045 910 2100 allapsa
934 2045 1098 2101 sagitta
1121 2050 1200 2100 est,

159 2119 403 2173 Incertum,
429 2131 515 2172 qua
539 2117 665 2173 pulsa
687 2109 836 2172 manu,
862 2130 948 2173 quo
972 2117 1146 2159 turbine
1170 2117 1344 2172 adacta,
1501 2117 1594 2160 320

160 2189 267 2243 Quis
289 2194 466 2231 tantam
489 2188 670 2230 Rutulis
692 2188 882 2243 laudem,
907 2203 1088 2231 casusne
1112 2189 1291 2244 deusne,

158 2261 380 2304 Attulerit
401 2276 409 2304 :
447 2275 592 2316 pressa
615 2265 681 2302 est
704 2260 886 2317 insignis
910 2260 1046 2317 gloria
1067 2260 1189 2316 facti,

158 2333 252 2376 Nec
277 2347 367 2375 sese
391 2331 567 2374 Aeneae
584 2330 772 2387 jactavit
794 2333 971 2374 vulnere
995 2332 1242 2388 quisquam.

251 2404 444 2459 Turnus,
469 2408 521 2446 ut
546 2402 727 2446 Aenean
750 2404 976 2445 cedentem
1001 2418 1056 2446 ex
1077 2404 1251 2460 agmine
1274 2403 1389 2446 vidit

159 2476 465 2531 Turbatosque
488 2475 634 2530 duces,
660 2475 805 2517 subita
828 2489 903 2531 spe
926 2475 1116 2517 fervidus
1139 2475 1264 2517 ardet
1287 2489 1295 2518 :
1503 2474 1591 2518 325

159 2547 310 2590 Poscit
334 2562 465 2603 equos
487 2552 622 2604 atquc
645 2562 765 2589 arma
789 2546 934 2602 simul,
962 2547 1165 2603 saltuque
1190 2546 1404 2603 superbus

161 2619 334 2662 Emicat
358 2618 401 2661 in
425 2633 604 2662 currum
626 2623 669 2661 ct
693 2618 898 2661 manibus
920 2618 1101 2661 molitur
1120 2617 1329 2661 habenas.
