1731 2923
616 171 844 200 AENEIDOS
877 171 963 202 LIB.
999 172 1077 202 VII.

133 279 463 334 Exsultantque
485 283 612 321 aestu
633 278 800 334 latices,
824 277 931 320 furit
953 279 1075 321 intus
1097 278 1229 335 aquai

132 350 350 393 Fumidus
372 355 506 406 atque
529 350 618 392 alte
641 350 808 405 spumis
831 350 1040 392 exuberat
1063 350 1217 405 amnis,

131 420 223 462 Nec
243 419 339 476 jam
361 434 403 462 se
426 420 546 476 capit
568 421 701 475 unda,
727 420 843 462 volat
865 435 1000 476 vapor
1022 426 1117 462 ater
1138 421 1193 462 ad
1216 435 1356 463 auras.

130 490 246 546 Ergo
268 490 352 532 iter
374 491 429 532 ad
451 505 597 547 regem
619 491 790 546 polluta
813 505 918 546 pace
941 490 1154 533 Latinum

130 560 292 603 Indicit
314 560 465 616 primis
481 560 710 616 juvenum,
735 566 779 602 et
796 560 925 616 jubet
949 575 1071 603 arma
1093 561 1249 616 parari,

132 630 288 672 Tutari
310 630 505 685 Italiam,
531 631 762 673 detrudere
785 630 945 673 finibus
968 631 1165 674 hostem:

132 702 186 744 Se
208 701 314 744 satis
336 701 548 744 ambobus
572 701 839 757 Teucrisque
856 701 1002 744 venire
1026 701 1296 758 Latinisque,

131 772 252 815 Haec
275 773 352 815 ubi
375 773 494 816 dicta
517 773 654 828 dedit,
679 773 886 830 divosque
908 774 954 815 in
977 780 1079 816 vota
1101 774 1272 816 vocavit
1291 787 1302 828 3

131 842 348 886 Certatim
371 857 462 886 sese
487 843 645 886 Rutuli
667 843 956 886 exhortantur
982 844 1028 886 in
1051 857 1195 888 arma:

129 914 261 957 Hunc
285 915 417 957 decus
439 914 662 971 egregium
683 914 845 956 formae
868 919 1014 957 movet
1037 920 1171 970 atque
1189 915 1413 971 juventae,

129 984 261 1026 Hunc
283 984 405 1026 atavi
427 998 561 1040 reges,
584 984 702 1026 hune
726 984 850 1026 claris
873 984 1053 1026 dextera
1074 984 1214 1027 factis.

218 1055 340 1097 Dum
364 1055 539 1097 Turnus
562 1054 753 1097 Rutulos
775 1055 931 1098 animis
954 1055 1194 1098 audaeibus
1217 1056 1394 1112 implet,

128 1125 301 1168 Allecto
323 1126 370 1168 in
396 1125 584 1169 Teucros
610 1126 773 1183 Stygiis
797 1141 840 1169 se
863 1126 1057 1169 concitat
1080 1127 1175 1183 alis,

127 1196 237 1239 Arte
260 1211 371 1239 nova
393 1197 619 1254 speculata
640 1198 800 1253 locum,
825 1212 910 1253 quo
931 1197 1055 1240 litore
1078 1198 1260 1254 pulcher

127 1268 303 1311 Insidiis
327 1283 541 1325 cursuque
563 1268 674 1311 feras
696 1269 896 1325 agitabat
920 1269 1058 1314 Iulus.

127 1339 214 1383 Hic
238 1340 431 1383 subitam
453 1340 633 1383 canibus
655 1341 819 1383 rabiem
844 1340 1026 1397 Cocytia
1048 1341 1168 1398 virgo

128 1410 306 1467 objicit,
331 1415 376 1453 et
400 1416 502 1454 noto
524 1426 648 1454 nares
672 1411 890 1468 contingit
913 1412 1056 1467 odore,
1313 1469 1317 1472 ι

128 1482 197 1525 Ut
219 1497 394 1524 cervum
416 1483 618 1525 ardentes
640 1488 844 1539 agerent:
863 1497 990 1538 quae
1013 1483 1156 1538 prima
1177 1484 1378 1526 laborum

129 1554 272 1597 Causa
292 1552 392 1608 suit,
416 1553 618 1609 belloque
640 1553 810 1596 animos
832 1554 1032 1596 accendit
1054 1560 1256 1610 agrestes,

129 1623 294 1667 Cervus
316 1627 407 1665 erat
429 1622 568 1665 forma
589 1623 834 1679 praestanti
856 1628 900 1665 et
924 1623 1124 1666 cornibus
1147 1624 1315 1680 ingens,

129 1694 368 1750 Tyrrhidae
390 1693 514 1750 pueri
536 1708 667 1749 quem
688 1693 843 1736 matris
865 1694 921 1736 ab
944 1694 1075 1736 ubere
1099 1699 1278 1750 raptum

129 1765 371 1808 Nutribant
396 1765 698 1820 Tyrrheusque
720 1770 859 1821 pater,
883 1766 955 1808 cui
977 1765 1093 1822 regia
1115 1772 1272 1822 parent

128 1836 344 1879 Armenta
367 1841 410 1878 et
432 1835 514 1878 lati
536 1835 734 1878 custodia
757 1836 922 1878 credita
945 1835 1102 1892 campi.

129 1906 372 1949 Assuetum
392 1904 586 1962 imperiis
608 1920 724 1948 soror
745 1906 863 1948 omni
888 1906 1022 1949 Silvia
1044 1921 1148 1948 cura

128 1976 337 2019 Mollibus
358 1976 561 2019 intexens
583 1977 765 2019 ornabat
789 1991 949 2019 cornua
972 1976 1114 2032 sertis,

130 2047 428 2102 Pectebatque
449 2047 606 2102 ferum,
630 2061 825 2104 puroque
847 2047 895 2089 in
916 2047 1035 2090 fonte
1056 2048 1248 2091 lavabat.

129 2117 223 2171 Ille,
247 2131 429 2158 manum
450 2116 622 2172 patiens
644 2132 907 2173 mensaeque
930 2123 1134 2160 assuetus
1155 2118 1293 2174 herili,

129 2186 318 2228 Errabat
341 2186 474 2241 silvis,
500 2201 732 2242 rursusque
755 2188 812 2229 ad
832 2188 988 2230 limina
1010 2193 1117 2231 nota

130 2257 232 2312 lpse
254 2256 435 2298 domum
457 2269 549 2298 sera
571 2256 773 2310 quamvis
795 2270 838 2298 se
860 2261 987 2298 noete
1008 2256 1191 2300 serebat.

131 2327 262 2368 Hunc
286 2326 437 2383 procul
458 2330 675 2367 errantem
697 2325 871 2367 rabidae
893 2326 1098 2368 venantis
1121 2327 1210 2368 Iuli

132 2398 413 2440 Commovere
437 2410 579 2451 canes,
603 2396 736 2438 fluvio
759 2409 897 2451 quum
919 2396 1029 2438 forte
1054 2397 1242 2439 secundo

132 2468 354 2510 Deflueret
379 2467 557 2523 ripaque
582 2472 730 2509 aestus
751 2466 968 2508 viridante
990 2467 1165 2510 levaret.

134 2540 232 2595 Ipse
255 2539 404 2594 etiam,
429 2538 614 2581 eximiae
636 2537 780 2580 laudis
802 2552 1033 2580 succensus
1055 2553 1215 2594 amore,

111 2628 119 2634 ·
138 2610 350 2658 Ascanius
372 2624 500 2653 curvo
522 2609 682 2652 direxit
706 2608 874 2665 spicula
895 2623 1055 2663 cornu3

1473 161 1556 204 161

1469 349 1558 394 465

1469 702 1559 746 470

1469 1055 1559 1101 475

1468 1413 1559 1456 480

1468 1765 1557 1810 485

1470 2118 1559 2162 490

1469 2467 1558 2510 495
