1741 2902
533 140 763 171 AENEmos
795 140 881 170 LIB.
918 140 1016 169 vm.
1413 126 1495 172 187

73 248 100 270 “
122 249 344 306 Signaque
363 248 472 292 ferre
488 248 648 304 jubent
666 262 677 302 3
711 247 872 290 retinet
894 247 1130 304 longaevus
1153 247 1389 303 haruspex,

72 319 99 340 “
115 320 231 363 Fata
253 335 436 363 canens:
474 318 484 340 ⁴
505 319 541 363 O
568 319 794 362 Maeoniae
817 319 985 362 delecta
1002 318 1228 374 juventus,

72 390 97 410 ‘⁴
117 391 126 410 ‘
142 391 245 433 Flos
263 395 463 432 veterum
479 389 704 445 virtusque
718 390 876 445 virum,
890 404 996 444 quos
1006 389 1154 444 justus
1168 389 1215 430 in
1229 388 1399 431 hostem
1415 390 1502 432 500

71 461 98 482 “
119 461 130 481 ⁶
145 461 252 503 Fert
276 461 395 503 dolor
416 466 461 502 et
482 460 638 502 merita
661 461 860 503 accendit
883 460 1130 502 Mezentius
1152 460 1230 515 ira,

71 531 98 552 ‘⁶
119 531 130 552 ⁴
149 531 275 573 Nulli
296 530 362 573 fas
385 531 500 573 Italo
523 536 699 572 tantam
723 530 984 586 subjungere
1007 535 1186 586 gentem
1206 544 1217 583 3

72 601 100 622 “
121 601 132 622 ⁶
150 601 368 644 Externos
390 606 541 657 optate
564 601 723 644 duces?
790 600 908 642 Tum
930 600 1119 642 Etrusca
1142 600 1301 642 resedit

72 672 99 693 “
115 672 211 715 Hoc
233 672 345 715 acies
367 686 533 728 campo,
557 671 735 714 monitis
758 671 964 713 exterrita
987 671 1149 715 divum.

73 742 100 763 ‘⁴
119 743 220 798 Ipse
245 748 434 785 oratores
457 742 514 784 ad
536 756 605 784 me
628 741 835 798 regnique
858 756 1061 784 coronam
1415 743 1502 785 505

74 813 100 834 “
120 814 235 857 Cum
259 818 428 869 seeptro
450 813 585 868 misit,
610 813 880 868 mandatque
902 813 1090 869 insignia
1113 813 1329 868 Tarchon,

73 885 100 905 ‘⁶
121 886 363 928 succedam
385 884 550 939 castris,
577 884 886 940 Tyrrhenaque
909 899 1040 940 regna
1062 899 1300 940 capessam.

74 956 101 976 ‘⁴
120 956 205 999 Sed
226 955 335 999 mihi
356 955 482 997 tarda
503 955 604 1011 gelu
626 955 861 1010 saeclisque
885 954 1017 996 effeta
1041 960 1243 997 senectus

73 1028 100 1049 “
118 1027 294 1070 Invidet
316 1026 563 1082 imperium,
588 1040 789 1081 seraeque
812 1026 869 1068 ad
890 1025 1022 1068 fortia
1044 1026 1167 1069 vires.

75 1099 104 1120 ‘⁶
121 1099 322 1142 Gnatum
343 1094 607 1153 exhortarer,
631 1097 676 1139 ni
699 1096 868 1140 mixtus
890 1101 1030 1139 matre
1057 1096 1231 1140 Sabella
1312 1092 1315 1094 ’
1414 1097 1502 1140 510

75 1169 102 1191 “
119 1170 236 1212 Hine
258 1173 431 1225 partem
451 1168 618 1225 patriae
641 1167 845 1211 traheret.
912 1167 996 1222 Tu,
1022 1167 1145 1223 cujus
1169 1172 1212 1209 et
1237 1167 1362 1209 annis

76 1241 104 1262 ‘⁴
119 1241 181 1283 Et
203 1240 348 1297 generi
369 1240 463 1281 fata
485 1239 731 1295 indulgent,
757 1253 888 1294 quem
912 1238 1097 1280 numina
1119 1244 1321 1294 poscunt,

75 1311 101 1333 “
120 1312 364 1368 Ingredere,
389 1326 412 1353 o
436 1310 656 1352 Teucrum
678 1315 811 1366 atque
835 1309 1002 1352 Italiam
1025 1309 1261 1352 fortissime
1285 1309 1449 1352 ductor.

75 1382 102 1404 “
120 1383 251 1425 Hunc
274 1382 357 1425 tibi
379 1386 614 1438 praeterea,
640 1396 737 1437 spes
760 1386 803 1423 et
826 1380 981 1423 solatia
1004 1381 1156 1435 nostri,

76 1453 102 1474 “
119 1453 325 1495 Pallanta
347 1452 583 1508 adjungam
604 1467 613 1495 ;
649 1452 729 1494 sub
752 1457 796 1493 te
819 1451 1000 1493 tolerare
1022 1451 1232 1507 magistro
1416 1452 1503 1494 515

76 1524 103 1545 ‘⁴
124 1523 335 1565 Militiam
358 1528 403 1565 et
425 1537 554 1578 grave
578 1522 736 1564 Martis
758 1536 881 1577 opus,
906 1526 985 1563 tua
1007 1535 1180 1563 eernere
1202 1521 1321 1563 faeta

76 1594 103 1615 ‘⁴
121 1594 374 1646 Assuescat,
399 1592 552 1648 primis
574 1597 618 1634 et
642 1597 685 1634 te
706 1591 889 1633 miretur
911 1591 967 1633 ab
990 1591 1127 1634 annis.

76 1663 103 1684 ‘⁶
122 1663 318 1706 Arcadas
340 1663 442 1705 huie
464 1662 632 1718 equites
654 1661 721 1704 bis
743 1666 938 1716 centum,
963 1661 1113 1703 robora
1135 1660 1265 1717 pubis

76 1734 103 1755 ‘⁴
122 1734 273 1789 Lecta,
298 1734 425 1788 dabo,
450 1733 722 1787 totidemque
745 1746 821 1774 suo
844 1731 926 1773 tibi
949 1732 1121 1774 nomine
1145 1731 1333 1774 Pallas.”

75 1804 167 1847 Vix
190 1819 241 1846 ea
261 1804 380 1846 fatus
403 1808 494 1846 erat
515 1818 524 1847 :
559 1803 778 1858 defixique
800 1816 874 1844 ora
895 1802 1107 1844 tenebant
1412 1802 1500 1846 520

75 1875 247 1918 Aeneas
269 1874 558 1918 Anchisiades
581 1879 624 1917 et
647 1874 760 1916 fidus
782 1873 977 1915 Achates
993 1887 1003 1927 ;

75 1947 307 2003 Multaque
330 1946 437 1988 dura
460 1959 537 1988 sue
559 1944 676 1987 tristi
697 1959 799 1987 011111
821 1944 946 1986 eorde
967 1944 1205 2000 putabant,

75 2017 136 2059 Ni
159 2017 333 2073 signum
356 2016 472 2059 coelo
496 2016 711 2071 Cytherea
733 2015 926 2057 dedisset
949 2020 1111 2070 aperto,

75 2088 280 2144 Namque
303 2087 534 2144 improviso
556 2087 752 2129 vibratus
774 2086 830 2129 ab
852 2087 1028 2128 aethere
1049 2086 1192 2142 fulgor

78 2159 194 2203 Cum
217 2159 363 2201 sonitu
384 2159 518 2213 venit,
543 2163 587 2200 et
610 2172 729 2200 ruere
751 2158 897 2200 omnia
918 2158 1012 2200 visa
1036 2163 1234 2214 repente,
1419 2158 1505 2201 525

81 2231 418 2287 Tyrrhenusque
438 2230 571 2272 tubae
592 2229 761 2285 mugire
784 2243 861 2284 per
882 2229 1058 2270 aethera
1080 2230 1263 2285 clangor.

80 2303 338 2359 Suspieiunt
355 2316 366 2356 ;
400 2301 562 2344 iterum
584 2306 717 2355 atque
739 2300 902 2341 iterum
924 2299 1066 2355 fragor
1086 2300 1283 2356 increpat
1308 2299 1475 2355 ingens.

82 2374 220 2416 Arma
242 2373 356 2415 inter
376 2373 540 2414 nubem
562 2372 668 2414 coeli
685 2371 729 2412 in
753 2369 920 2426 regione
946 2384 1095 2411 serena

82 2444 167 2486 Per
189 2444 349 2487 sudum
371 2443 549 2485 rutilare
571 2442 722 2484 Vident
746 2446 789 2483 et
811 2441 940 2496 pulsa
962 2445 1125 2484 tonare.

84 2514 360 2571 Obstupuere
383 2513 540 2556 animis
563 2512 664 2566 alii;
700 2512 774 2554 sed
797 2511 953 2554 Troius
975 2511 1098 2554 heros
1419 2509 1508 2553 530

83 2581 285 2639 Agnovit
304 2584 496 2626 sonitum
519 2588 564 2625 et
588 2582 712 2625 divae
735 2581 947 2638 promissa
970 2581 1176 2637 parentis.
