1757 2916
84 1236 101 1249 ις
114 1215 151 1260 ,λζ

125 144 212 187 202
609 153 838 184 AENEIDOS
871 153 959 182 LIB.
997 151 1058 182 1x.

126 263 155 286 ‘⁶
174 264 406 308 Obtestor:
443 276 744 320 quaecumque
767 260 876 303 mihi
899 260 1073 303 fortuna
1095 259 1289 314 fidesque
1312 260 1392 313 est,
1471 254 1558 299 260

127 335 154 356 “
173 335 228 378 In
251 334 403 377 vestris
420 349 532 390 pono
555 333 754 390 gremiis:
790 335 989 374 'revocate
1011 335 1258 387 parentem,

127 407 154 427 ‘⁴
174 406 364 448 Reddite
387 410 671 462 conspectum
689 418 699 457 ;
734 403 845 445 nihil
867 402 942 445 illo
964 402 1091 444 triste
1113 407 1301 458 recepto.

128 477 155 498 “
177 477 291 520 Bina
313 477 425 520 dabo
448 481 627 532 argento
649 473 842 530 perfecta
865 478 999 528 atque
1023 486 1176 528 aspera
1199 471 1334 528 signis

128 547 156 570 “
173 548 351 603 Pocula,
377 547 550 590 devicta
571 545 743 602 genitor
765 558 876 600 quae
900 543 1018 600 cepit
1042 543 1218 598 Arisba,

129 618 161 640 “
177 619 240 661 Et
262 618 455 675 tripodas
478 616 685 673 geminOS,
710 615 806 657 auri
827 615 914 657 duo
937 628 1098 670 magna
1122 614 1307 668 talenta,
1474 612 1561 654 265

130 690 157 710 ‘⁴
178 690 356 733 Cratera
377 688 628 744 antiquum,
655 701 789 743 quem
811 687 890 729 dat
915 685 1095 729 Sidonia
1118 685 1248 728 Dido.

130 760 156 781 “
173 760 220 804 Si
242 775 340 802 v·e10
362 773 516 816 capere
539 758 723 801 Italiam
747 757 1017 814 sceptrisque
1040 755 1172 813 potiri

131 832 157 852 ‘⁴
179 829 427 887 Contigerit
448 828 616 884 victori,
642 833 686 871 et
708 828 896 884 praedae
919 827 1060 869 dicere
1084 831 1273 870 sortem.

132 902 159 922 “
185 901 364 956 Vidisti,
391 915 477 957 quo
501 900 679 943 Turnus
702 914 828 956 equo,
854 898 1016 955 quibus
1037 898 1164 940 ibat
1153 913 1200 939 1n
1222 896 1354 939 armis

135 973 163 994 “
183 973 385 1016 Aul-:eus
419 972 566 1029 ipsum
588 971 731 1024 illum,
756 971 949 1027 clipeum
972 969 1212 1026 cristasque
1234 968 1443 1011 rubentes
1475 965 1565 1011 270

132 1044 158 1065 ‘⁴
179 1043 415 1100 Excipiam
439 1043 558 1097 sorti,
576 1041 673 1099 jam
694 1057 812 1084 nunc
836 1047 915 1084 tua
937 1041 1147 1098 praemia,
1171 1040 1291 1084 Nise.

133 1115 160 1136 ‘⁶
180 1116 415 1158 Praeterea
435 1114 503 1157 bis
526 1128 601 1156 sex
623 1113 794 1170 genitor
814 1112 1054 1156 lectissima
1075 1116 1272 1154 matrum

133 1186 159 1206 “
177 1186 365 1243 Corpora
387 1185 668 1242 captivosque
690 1183 830 1239 dabit,
850 1197 1017 1239 suaque
1039 1183 1242 1225 omnibus
1265 1195 1413 1224 arma·
1402 1215 1413 1236 ,

138 1246 161 1277 ‘
134 1258 366 1313 Insuper
389 1257 470 1312 his,
495 1255 642 1312 campi
663 1256 779 1311 quod
802 1269 879 1297 rex
900 1254 1069 1299 habetss
1058 1269 1150 1310 ipse
1173 1253 1371 1296 Latinus.

135 1327 162 1348 “
183 1327 246 1369 Τ6
269 1342 380 1383 1-’,610
407 1341 504 1369 mea
528 1340 661 1382 quem
683 1325 839 1381 spatiis
863 1324 1134 1381 propioribus
1157 1330 1279 1367 aetas
1483 1324 1566 1368 275

135 1398 162 1419 “
183 1398 454 1454 Insequitur,
479 1397 723 1439 venerande
747 1410 870 1452 puer,
890 1395 985 1452 jam
1007 1401 1181 1452 pectore
1203 1401 1298 1438 toto

138 1469 165 1490 “
185 1469 367 1525 Accipio
391 1473 436 1510 et
460 1467 667 1510 comitem
691 1481 818 1510 casus
840 1466 1107 1523 complector
1130 1453 1357 1509 in'omnes.

135 1541 316 1583 “Nulla
339 1540 446 1583 meis
469 1540 560 1583 sine
583 1544 626 1582 te
649 1545 882 1596 quaeretur
903 1539 1039 1595 gloria
1061 1539 1215 1583 rebus:

137 1612 165 1632 “
187 1612 274 1656 Seu
297 1625 453 1668 pacem
476 1625 553 1654 seu
573 1611 687 1654 bella
710 1625 875 1668 geram,
902 1610 986 1653 tibi
1007 1610 1203 1653 maxima
1225 1624 1370 1652 rerum

136 1682 162 1703 “
181 1682 516 1737 Verborumque
538 1682 685 1725 fides.''
751 1681 918 1725 Contra
940 1695 1072 1737 quern
1095 1680 1204 1724 talia
1226 1680 1345 1724 fatur
1481 1679 1571 1723 280

139 1754 384 1809 Euryalus:
423 1753 450 1773 ‘⁶
470 1752 542 1795 Me
565 1753 689 1795 nulla
712 1753 803 1795 dies
825 1758 920 1795 tam
942 1752 1127 1802 fortibus
1149 1751 1267 1794 ausis
1303 1760 1340 1809 ‘ff

137 1825 163 1846 ‘⁴
185 1824 455 1867 Dissimilem
478 1824 695 1880 arguerit:
731 1825 911 1866 tant-'um‘
931 1822 1110 1865 fortuna
1135 1823 1327 1865 secunda

139 1896 165 1916 “
185 1894 321 1937 Haud
344 1895 526 1936 adversa
549 1894 692 1936 cadat.
760 1893 846 1936 Sed
868 1898 913 1935 te
938 1907 1068 1949 super
1091 1892 1237 1935 omnia
1258 1893 1372 1935 dona

138 1965 165 1986 “
187 1965 341 2008 Unum
363 1978 461 2007 oro:
496 1963 695 2020 genetrix
718 1962 885 2005 Priami
907 1963 960 2005 de
983 1968 1113 2019 gente
1135 1968 1311 2006 vetusta

139 2037 164 2058 “
184 2036 266 2079 Est
290 2035 413 2090 mihi,
438 2049 573 2091 quam
596 2034 805 2076 miseram
828 2034 974 2076 tenuit
998 2048 1085 2077 non
1108 2034 1194 2076 Ilia
1216 2034 1348 2076 tellus
1483 2034 1572 2078 285

145 2107 166 2128 ·:
186 2107 363 2149 Mecum
386 2106 688 2161 excedentem,
712 2118 800 2147 non
821 2104 994 2147 moenia
1016 2105 1127 2162 regis
1149 2105 1339 2148 Acestae
1360 2119 1369 2148 :

140 2178 165 2198 ‘⁴
186 2177 313 2219 Hanc
338 2191 416 2232 ego
439 2190 555 2218 nunc
578 2175 775 2231 ignaram
797 2174 931 2231 hujus
953 2176 1260 2232 quodcumque
1283 2175 1433 2232 pericli
1456 2179 1523 2218 est

141 2248 168 2268 ‘⁴
188 2248 328 2303 Inque
353 2247 595 2289 salutatam
617 2245 950 2301 linques-Nox
972 2250 1017 2288 et
1043 2251 1123 2288 tua
1145 2245 1274 2289 testis

141 2318 169 2340 ‘⁶
191 2319 401 2373 Dextera,
427 2317 542 2373 quod
566 2331 782 2373 nequeam
803 2317 1009 2360 lacrimas
1031 2316 1217 2374 perferre
1241 2316 1466 2373 parentis;

142 2389 168 2409 ‘'
189 2389 251 2431 At
278 2395 342 2444 111,
367 2402 454 2443 oro,
479 2388 615 2430 solare
637 2387 828 2443 inopem,
853 2393 898 2430 et
922 2401 1121 2430 succurre
1146 2387 1338 2430 relictae.
1485 2386 1573 2430 290

143 2460 169 2480 “
192 2460 318 2502 Hanc
343 2459 434 2501 sine
457 2473 527 2501 me
550 2472 672 2515 spem
696 2458 805 2500 serre
829 2459 894 2500 tui
913 2473 922 2502 :
958 2458 1190 2502 audentior
1212 2457 1283 2501 ibo

143 2531 169 2551 “
190 2531 245 2572 [n
269 2545 392 2572 casus
415 2530 605 2572 omncs.'’
671 2529 883 2570 Percussa
906 2535 1054 2572 mente
1079 2530 1234 2572 dedere

147 2601 422 2643 Dardanidae
445 2599 659 2653 lacrimas,
683 2604 786 2641 autc
810 2614 961 2642 omncs
983 2599 1165 2656 pulcher
1188 2599 1330 2656 Iulus,
