1731 2923
573 121 803 151 AENmDos
834 121 920 153 ΜΒ.
954 122 1019 153 111.
1465 114 1519 156 63

94 226 123 250 “
141 227 410 283 Cessantem,
435 228 585 284 longos
607 233 651 270 et
675 228 1011 276 circumflectere
1034 244 1201 285 cursus,
1434 232 1522 274 430

94 297 122 319 “
141 298 283 352 Quam
306 299 440 341 semel
462 298 694 342 informem
715 305 839 343 vasto
861 299 1019 343 vidisse
1044 301 1123 343 sub
1146 305 1270 343 antro

93 369 121 390 “
142 369 333 425 Scyllam
355 375 400 412 et
423 371 629 413 caeruleis
653 371 833 414 canibus
855 372 1102 414 resonantia
1125 386 1241 415 saxa.

92 439 120 461 ‘⁶
135 441 381 496 Praeterea,
407 441 443 484 si
465 456 552 497 qua
574 447 640 484 est
664 441 832 485 Heleno
856 442 1106 499 prudentia,
1131 443 1224 485 vati

91 509 120 532 ‘⁴
140 510 187 554 Si
208 525 296 567 qua
317 511 440 567 fides,
466 512 666 554 animum
688 512 725 555 si
747 513 858 555 veris
880 513 1037 569 implet
1060 513 1234 569 Apollo,

91 580 119 602 “
136 580 292 624 Unum
313 582 423 625 illud
445 582 540 638 tibi,
565 588 669 625 nate
691 583 786 637 dea,
812 598 973 639 proque
992 584 1199 647 omnibus
1220 599 1360 627 unum
1435 586 1521 629 435

90 650 118 673 ‘⁴
139 652 397 694 Praedicam
419 657 463 694 et
488 659 687 709 repetens
709 653 955 710 iterumque
977 654 1225 710 iterumque
1249 656 1458 700 monebo:

90 720 119 744 “
135 722 325 766 Junonis
348 739 533 780 magnae
556 724 747 780 primum
769 739 895 781 prece
918 739 1082 767 numen
1105 726 1264 780 adora3

92 793 119 814 ‘⁶
136 794 307 836 Junoni
329 809 433 837 canc
456 800 559 837 vota
581 795 735 851 libens,
761 796 1071 852 dominamque
1094 802 1319 852 potentem

91 864 118 885 “
135 865 414 921 Supplicibus
437 880 592 921 supera
613 866 737 908 donis
756 880 766 909 z
802 866 862 909 sic
883 866 1070 922 denique
1092 867 1232 913 victor

91 934 119 956 ‘⁶
138 935 362 978 Trinacria
384 936 492 978 fines
515 936 652 978 Italos
675 926 851 978 mitteie
874 937 1038 980 relicta.
1431 937 1520 981 440

90 1004 120 1028 “
138 1005 239 1048 Huc
261 1006 337 1049 ubi
359 1007 532 1049 delatus
556 1006 796 1049 Cumaeam
819 1007 1045 1049 accesseris
1069 1007 1222 1049 urbem

90 1075 117 1096 ‘⁶
136 1076 405 1132 Divinosque
423 1077 544 1119 lacus
567 1082 611 1118 et
633 1076 810 1119 Averna
832 1077 1032 1119 sonantia
1055 1077 1173 1120 silvis
1191 1091 1202 1132 ;

89 1146 117 1167 ‘⁶
135 1147 345 1190 Insanam
367 1153 518 1189 vatem
540 1147 767 1203 adspicies,
793 1143 904 1203 quae
927 1162 1033 1203 rupe
1056 1148 1136 1190 sub
1158 1148 1248 1190 ima

88 1216 123 1239 “
141 1217 258 1259 Fata
281 1217 413 1272 canit,
437 1217 637 1273 foliisque
660 1223 787 1260 notas
811 1223 856 1260 et
878 1218 1057 1260 nomina
1079 1219 1275 1262 mandat.

88 1286 118 1309 “
134 1288 444 1344 Quaecumque
466 1288 513 1330 in
533 1288 644 1330 foliis
667 1288 894 1345 descripsit
917 1290 1110 1332 carmina
1131 1290 1263 1347 virgo,
1430 1290 1518 1335 445

89 1358 115 1379 “
133 1358 304 1415 Digerit
327 1359 373 1401 in
395 1350 639 1415 numerum,
664 1364 800 1415 atque
822 1365 947 1402 antro
971 1361 1138 1403 seclusa
1160 1361 1365 1417 relinquit
1385 1375 1396 1415 3

92 1427 119 1449 “
134 1430 218 1472 Illa
240 1435 422 1472 manent
445 1430 628 1473 immota
649 1431 766 1486 locis,
791 1445 931 1487 neque
954 1431 1010 1474 ab
1032 1432 1180 1474 ordine
1203 1433 1377 1476 cedunt.

88 1498 116 1520 “
131 1499 299 1542 Verum
321 1502 492 1555 eadem,
516 1516 636 1544 verso
659 1502 804 1545 tenuis
826 1516 963 1558 quum
986 1502 1160 1545 cardine
1181 1508 1339 1545 ventus
1376 1504 1383 1513 ”

89 1569 118 1592 “
134 1572 323 1628 Impulit
346 1577 390 1614 et
412 1577 585 1614 teneras
608 1573 803 1614 turbavit
820 1572 959 1628 janua
980 1573 1167 1628 frondes,

89 1640 118 1663 ‘⁶
134 1642 392 1698 Numquam
414 1642 569 1685 deinde
591 1657 697 1685 cavo
717 1643 950 1685 volitantia
971 1644 1179 1699 prendere
1202 1658 1320 1700 saxo,
1429 1644 1518 1688 450

89 1712 118 1734 “
141 1712 234 1755 Nec
255 1727 449 1755 revocare
474 1713 584 1755 situs
607 1718 686 1755 aut
703 1713 888 1769 jungere
910 1714 1102 1756 carmina
1123 1719 1276 1768 curat3

89 1781 118 1804 “
136 1783 382 1826 Inconsulti
403 1783 583 1839 abeunt,
608 1784 841 1840 sedemque
864 1785 988 1827 odere
1014 1785 1216 1840 Sibyllae.

89 1853 117 1874 ⁴‘
136 1854 221 1897 Hic
245 1854 328 1897 tibi
349 1869 403 1896 ne
424 1869 513 1910 qua
534 1869 680 1897 morae
701 1854 866 1897 fuerint
888 1855 1116 1911 dispendia
1137 1856 1279 1898 tanti-

88 1923 117 1946 “
137 1925 346 1978 Quamvis
368 1925 634 1982 increpitent
657 1925 775 1982 socii,
801 1931 845 1969 et
866 1926 911 1968 vi
933 1941 1084 1970 cursus
1105 1927 1152 1969 in
1174 1927 1318 1969 altum

89 1995 122 2016 ‘⁶
140 1996 254 2038 Vela
274 2001 400 2039 vocet
422 1996 646 2053 possisque
669 1996 788 2039 sinus
809 1997 991 2053 implere
1014 1998 1261 2054 secundos-‚
1429 1998 1517 2042 455

90 2066 117 2087 “
137 2066 255 2120 Quin
276 2067 407 2109 adeas
429 2073 593 2122 vatem,
610 2064 904 2124 'precibusque
926 2068 1100 2110 oracula
1123 2083 1275 2126 poscas

90 2138 239 2194 “Ipsa
261 2143 407 2194 canat,
431 2152 668 2194 vocemque
690 2139 839 2180 volens
861 2144 997 2194 atque
1012 2153 1084 2181 ora
1107 2140 1306 2182 resolvat.

89 2207 119 2230 ‘⁶
134 2209 220 2250 Illa
242 2207 325 2250 tibi
347 2208 507 2250 Italiae
529 2208 712 2263 populos
735 2214 1006 2265 venturaque
1028 2210 1156 2264 bella,

90 2278 120 2300 “
139 2279 203 2321 Et
226 2293 311 2334 quo
334 2292 552 2333 quemque
574 2278 703 2320 modo
723 2277 953 2334 fugiasque
975 2279 1172 2334 ferasque
1195 2278 1404 2333 laborem,

91 2348 119 2370 “
137 2349 378 2405 Expediet,
402 2362 639 2404 cursusque
661 2349 786 2391 dabit
807 2355 1014 2391 venerata
1037 2349 1258 2391 secundos.
1302 2340 1305 2342 ⁵
1429 2348 1516 2392 460

89 2418 119 2444 “
136 2420 256 2462 Haec
280 2424 398 2475 sunt,
422 2434 536 2475 quae
558 2424 707 2461 nostra
727 2419 858 2461 liceat
880 2424 925 2462 te
946 2434 1049 2462 Voce
1073 2419 1245 2462 moneri.

93 2491 120 2512 ‘⁶
135 2491 261 2534 Vade
284 2505 376 2547 age⁷
401 2495 445 2533 et
467 2491 692 2547 ingentem
708 2490 835 2533 factis
856 2490 920 2533 fer
941 2490 997 2533 ad
1020 2490 1196 2532 aethera
1220 2489 1442 2545 Trojam.'’

92 2563 213 2616 Quae
236 2567 471 2618 postquam
494 2567 616 2604 vates
639 2561 698 2604 sic
722 2576 790 2604 ore
812 2560 971 2604 effatus
995 2561 1133 2604 amico
1156 2566 1234 2613 est,
