1741 2902
567 155 794 185 AENEIDos
825 156 912 186 111ss.
949 156 1011 186 lx.
1425 144 1509 189 207

88 263 117 285 “
136 263 333 306 Tantum
354 263 573 306 infelicem
593 262 780 305 nimium
802 263 957 306 dilexit
979 263 1213 306 amicum.''
1427 264 1514 306 430

89 334 214 376 Talia
237 334 356 377 dieta
377 334 511 376 dabat
528 348 539 388 3
575 335 649 376 sed
670 334 834 377 viribus
857 334 970 376 ensis
994 335 1178 377 adactus

90 405 343 448 Transabiit
368 411 521 461 costas,
548 411 592 447 et
616 405 803 448 candida
825 411 999 462 pectora
1022 406 1201 463 rumpit.

88 476 295 519 Volvitur
316 477 534 533 Euryalus
555 477 658 533 leto,
683 477 970 533 pulchrosque
993 493 1070 534 per
1092 484 1215 520 artus

89 547 135 589 It
159 562 294 603 eruor,
319 547 452 603 inque
474 548 676 590 humeros
698 548 842 590 cervix
865 549 1055 604 collapsa
1076 548 1290 592 recumbit
1309 563 1319 593 ;

89 619 341 676 Purpureus
363 620 501 662 veluti
523 634 662 675 quum
684 619 775 675 flos,
800 619 991 662 succisus
1013 626 1169 675 aratro,
1427 620 1515 663 435

88 690 354 746 Langueseit
376 691 573 745 moriens,
598 691 763 733 lassove
786 705 1006 746 papavera
1028 691 1136 733 00110

91 761 311 803 Demisere
334 766 484 817 caput,
508 761 659 817 pluvia
681 775 819 816 quum
839 758 950 803 forte
973 767 1223 817 gravantur.

89 832 154 874 At
177 831 312 875 Nisus
334 832 423 874 ruit
447 833 494 874 in
514 832 691 886 medios,
719 832 948 888 solumque
970 846 1046 888 per
1068 847 1216 875 omnes

90 902 376 945 Volscentem
398 902 526 958 petit,
550 902 596 944 in
619 903 707 944 8010
731 901 965 944 Volscente
988 908 1194 946 moratur.
1428 903 1514 947 439

91 973 234 1026 Quem
257 972 422 1014 circum
444 972 674 1028 glomerati
696 972 842 1014 hostes
864 971 966 1013 hinc
990 973 1233 1015 comminus
1256 979 1389 1029 atque
1413 973 1516 1016 hinc

91 1045 373 1087 Proturbant.
438 1043 586 1086 Instat
606 1058 693 1085 non
716 1043 854 1085 secius
876 1057 925 1085 ae
948 1048 1065 1085 rotat
1088 1058 1238 1086 ensem
1424 1044 1510 1087 441

90 1114 389 1169 Fulmineum,
414 1114 549 1156 donce
572 1113 732 1156 Rutuli
754 1113 989 1156 clamantis
1013 1114 1059 1156 in
1084 1129 1154 1156 ore

92 1185 298 1228 Condidit
320 1185 511 1239 adverso,
537 1189 581 1226 et
605 1183 790 1226 moriens
812 1183 1006 1226 animam
1030 1185 1216 1227 abstulit
1238 1185 1365 1228 hosti.

93 1256 209 1298 Tum
232 1269 360 1312 super
381 1255 635 1297 exanimum
658 1269 747 1297 sese
770 1255 950 1311 projecit
972 1255 1167 1297 amicum
1273 1251 1276 1253 ’

92 1327 341 1382 Confessus,
366 1327 626 1383 placidaque
649 1326 712 1368 ibi
734 1327 912 1368 demum
935 1332 1074 1370 morte
1097 1327 1276 1383 quievit.
1430 1326 1518 1371 445

91 1398 328 1440 Fortunati
350 1398 477 1440 ambo
495 1401 503 1441 l
539 1397 575 1439 si
597 1397 704 1453 quid.
725 1411 824 1439 mea
847 1398 1041 1440 carmina
1063 1403 1261 1454 possunt,

93 1468 230 1510 Nulla
252 1468 343 1510 dies
365 1482 578 1523 umquam
600 1467 783 1509 memori
804 1482 878 1510 vos
901 1468 1062 1510 eximet
1086 1483 1205 1524 aevo,

95 1537 217 1579 Dum
238 1538 391 1579 <lomus
413 1537 588 1579 Aeneae
614 1536 806 1592 Capitoli
826 1537 1049 1579 immobile
1072 1553 1230 1581 saxum

94 1608 290 1663 Accolet,
315 1607 635 1664 imperiumque
658 1612 785 1662 pater
806 1607 1031 1651 Romanus
1053 1609 1247 1653 habebit.

185 1679 384 1722 Victores
409 1678 571 1734 praeda
594 1678 754 1720 Rutuli
775 1677 1008 1734 spoliisque
1031 1680 1177 1735 potiti,
1432 1681 1519 1726 450

95 1751 379 1794 Volscentem
403 1748 656 1791 exanimum
677 1749 833 1791 flentes
855 1749 901 1791 in
924 1755 1067 1792 eastra
1088 1751 1297 1795 ferebant.

94 1821 188 1864 Nec
213 1820 354 1863 minor
376 1820 422 1862 in
444 1819 598 1861 castris
620 1819 783 1874 luctus,
809 1818 1056 1862 Rhamnete
1079 1826 1249 1877 reperto

94 1891 338 1948 Exsangui7
364 1896 409 1933 et
431 1890 583 1947 primis
606 1904 695 1932 una
717 1894 785 1932 tot
807 1890 939 1932 caede
961 1891 1184 1947 peremtis,

97 1963 363 2018 Serranoque
385 1962 646 2018 Numaque:
680 1961 832 2018 ingens
854 1976 1088 2005 concursus
1110 1964 1165 2005 ad
1186 1963 1281 2020 ipsa

98 2033 287 2090 Corpora
310 2033 631 2088 seminecesque
652 2031 776 2087 viros,
801 2032 1039 2088 tepidaque
1061 2040 1280 2100 recentem
1432 2035 1521 2080 455

98 2103 240 2147 Caede
261 2104 406 2146 locum
430 2109 474 2147 et
495 2104 624 2160 pleno
645 2109 900 2159 spumantes
923 2104 1134 2158 sanguine
1157 2105 1268 2148 rivos

97 2175 355 2230 Agnoscunt
378 2174 514 2229 spolia
536 2173 650 2215 inter
671 2188 714 2215 se
736 2173 991 2228 galeamque
1013 2174 1233 2217 nitentem

98 2243 301 2300 Messapi,
326 2248 370 2285 et
392 2243 533 2284 multo
555 2242 754 2298 phaleras
777 2244 928 2285 sudore
952 2248 1161 2298 receptas.

96 2315 160 2356 Et
176 2313 271 2369 jam
292 2313 432 2370 prima
454 2327 562 2355 novo
586 2312 816 2368 spargebat
839 2311 1004 2353 lumine
1028 2317 1164 2355 terras

100 2384 279 2428 Tithoni
301 2397 499 2426 croceum
520 2382 721 2438 linquens
744 2381 918 2424 Aurora
941 2382 1081 2424 cubile
1102 2397 1111 2426 :
1435 2384 1523 2427 460

98 2455 129 2499 J
133 2470 204 2497 am
227 2455 314 2498 sole
335 2453 491 2509 infuso,
511 2452 606 2509 jam
628 2453 754 2495 rebus
776 2452 873 2494 luce
895 2452 1086 2507 retectis,

101 2525 279 2567 Turnus
301 2523 348 2565 in
369 2537 489 2565 arma
511 2523 634 2577 viros,
659 2522 792 2564 armis
814 2521 1110 2564 circumdatus
1133 2525 1239 2579 ipse,

103 2594 311 2650 Suscitat,
335 2598 590 2649 aeratasque
615 2593 727 2635 acies
749 2592 795 2634 in
818 2592 978 2648 proelia
1000 2593 1116 2649 cogit
1150 2598 1154 2600 “
