1757 2916
522 645 573 686 Ρ.
617 640 877 685 VIRGILII
919 630 1221 684 MAROMS‘

409 778 1287 846 AENE1DOS

583 944 776 987 LIBER
810 941 1112 997 QUINTUS.

703 1086 876 1102 ——.-—0*0

134 1193 309 1235 Interea
330 1191 527 1234 medium
550 1190 724 1233 Aeneas
742 1189 838 1246 jam
860 1189 994 1231 classe
1018 1189 1201 1231 tenebat

134 1265 292 1307 Certus
314 1263 410 1319 iter,
434 1263 683 1318 fluctusque
706 1266 824 1304 atros
847 1260 1066 1316 Aquilone
1090 1260 1282 1316 secabat,

134 1335 308 1379 Moenia
330 1335 574 1391 respiciens,
599 1348 711 1390 quae
729 1332 823 1389 jam
845 1332 1029 1374 infelicis
1052 1331 1220 1374 Elissae

134 1407 368 1450 Collucent
390 1405 594 1448 fiammis.
660 1404 782 1457 Quae
806 1408 985 1446 tantum
1008 1402 1255 1445 accenderit
1277 1401 1439 1461 ignem,

134 1477 300 1520 Caussa
321 1477 432 1519 latet
454 1490 464 1529 3
501 1475 600 1518 (luri
621 1489 780 1531 magno
805 1474 879 1516 sed
901 1488 1046 1516 amore
1069 1473 1236 1516 dolores
1542 1475 1569 1518 5

134 1548 327 1603 Polluto,
352 1534 909 1606 notumque‚'f11rens'quid
929 1544 1093 1587 femina
1115 1544 1267 1601 possit,

134 1618 278 1661 Triste
301 1633 378 1675 per
399 1617 639 1674 augurium
657 1616 925 1658 Teucrorum
947 1620 1125 1673 pectora
1147 1616 1328 1660 ducunt.

135 1689 202 1732 Ut
226 1690 409 1746 pelagus
431 1694 611 1731 tenuere
634 1693 766 1743 rates,
790 1702 868 1730 nec
886 1687 981 1743 jam
1003 1686 1192 1743 amplius
1214 1687 1308 1729 ulla

136 1760 341 1804 Occurrit
364 1760 509 1816 tellus,
534 1759 674 1802 maria
695 1759 892 1815 undique
914 1764 959 1801 et
981 1758 1176 1814 undique
1200 1758 1369 1802 coelum
1387 1773 1398 1813 3

135 1831 225 1875 Olli
246 1831 468 1873 caemlcus
492 1845 624 1886 supra
646 1834 783 1885 caput
806 1829 984 1871 adstitit
1005 1829 1158 1884 imber,
1516 1830 1572 1871 10

135 1901 328 1944 Noctem
350 1900 628 1954 hiememque
650 1900 805 1953 ferens,
831 1904 875 1941 et
897 1899 1112 1941 inhorruit
1133 1899 1253 1941 unda
1275 1899 1478 1944 tenebris.

137 1972 239 2027 Ipse
263 1971 528 2027 gubernator
549 1969 690 2025 puppi
713 1969 950 2012 Palinurus
973 1969 1029 2011 ab
1051 1969 1170 2012 alta:

139 2041 166 2062 ‘⁶
183 2041 300 2096 Heu,
326 2040 535 2096 quianam
558 2040 674 2082 tanti
696 2039 929 2082 cinxerunt
954 2040 1133 2082 aethera
1155 2039 1294 2082 nimbi
1314 2041 1335 2083 Ρ

139 2112 167 2134 “
188 2111 372 2167 Quidve,
398 2116 523 2168 pater
545 2110 769 2167 Neptune,
793 2125 922 2167 paras
937 2111 958 2153 Ρ
977 2112 1002 2128 ’³
1067 2110 1138 2154 Sic
1161 2110 1316 2153 deinde
1339 2111 1514 2155 locutus

141 2182 352 2238 Colligere
375 2196 496 2224 arma
513 2180 642 2237 jubet
665 2181 906 2236 validisque
928 2181 1179 2224 incumbere
1201 2181 1344 2237 remis,
1517 2184 1572 2226 15

142 2253 443 2308 Obliquatque
467 2251 587 2294 sinus
609 2251 654 2293 in
677 2256 875 2306 Ventum,
900 2265 950 2293 ac
973 2251 1084 2293 talia
1105 2252 1226 2294 fatur
1245 2266 1254 2295 :

142 2323 169 2344 ‘⁶
191 2322 472 2379 Magnanimo
496 2321 662 2377 Aenea,
688 2336 787 2376 non,
813 2321 847 2363 si
872 2321 979 2363 mihi
1001 2322 1185 2378 Jupiter
1206 2326 1358 2364 auctor

144 2393 169 2413 “
191 2395 428 2450 Spondeat,
452 2393 531 2436 hoc
556 2407 725 2449 sperem
748 2392 927 2434 Italiam
950 2393 1199 2449 contingere
1222 2392 1350 2436 coelo.

143 2465 169 2486 ‘⁶
190 2465 359 2508 Mutati
382 2470 628 2508 transversa
650 2464 846 2506 fremunt
871 2470 915 2506 ot
938 2479 1116 2520 vespere
1138 2464 1194 2506 ab
1217 2469 1313 2506 atro

143 2537 170 2558 “
191 2537 473 2594 Consurgunt
495 2535 631 2592 venti,
656 2541 789 2592 atque
812 2536 856 2577 in
880 2536 1041 2578 nubem
1065 2535 1234 2591 cogitur
1256 2539 1334 2577 aei·
1354 2549 1364 2589 ;
1517 2534 1574 2576 20

145 2608 169 2629 “
189 2607 282 2650 Nec
303 2623 381 2650 nos
403 2607 543 2651 obniti
565 2611 715 2650 contra
736 2620 816 2649 nec
840 2607 1019 2649 tendere
1044 2610 1224 2648 tantum
