1757 2916
186 141 270 184 116
670 146 903 179 AENEmos
936 147 1022 177 Lm.
1059 144 1103 177 v.

183 261 212 284 “
229 261 469 319 Nigrarum
490 259 632 302 multo
654 257 878 316 pecudum
899 261 944 299 10
969 252 1183 311 sanguine
1206 253 1351 296 ducet.

183 333 211 355 “
232 333 350 376 Tum
373 347 512 389 genus
536 345 663 374 omne
688 336 818 373 tuum
841 335 899 383 01,
924 342 1036 384 quae
1061 327 1225 369 dentur
1246 322 1433 378 moenia,
1454 321 1606 373 disces.

183 405 423 460 “Jamque
448 403 568 446 vale:
606 407 785 457 torquet
809 399 973 442 medios
998 413 1085 440 nox
1108 397 1293 439 humida
1317 410 1485 449 cursus,

183 476 210 497 ‘⁴
233 477 295 518 Et
319 490 389 518 me
414 489 567 517 saevus
591 473 715 529 equis
741 471 896 514 Oriens
919 469 1090 512 afflavit
1112 467 1320 510 anhelis.''

182 547 384 602 Dixerat,
410 551 453 588 et
478 551 632 588 tenues
654 543 784 599 rugit,
810 557 891 585 ceu
913 542 1074 596 sumus,
1100 539 1146 582 in
1169 553 1308 582 auras

181 620 357 660 Aeneas
384 616 409 637 “
432 617 527 670 Quo
542 617 568 634 '’
591 614 748 657 deinde
775 614 800 634 ‘⁶
819 613 907 655 ruis
924 614 944 655 P
981 627 1066 668 quo
1091 611 1311 668 proripis?
1330 610 1356 628 ''
1379 609 1526 664 inquit

1538 535 1626 580 740

184 690 209 710 ⁴⁶
233 690 375 743 Quem
397 688 529 744 fugis,
555 691 634 728 aut
658 685 757 741 quis
779 690 824 728 te
847 684 1008 726 nostris
1031 682 1337 739 complexibus
1361 686 1481 723 arcet
1503 682 1522 724 Ρ
1542 681 1567 698 ”

182 761 306 803 Haec
330 773 576 802 memorans
599 757 789 799 cinerem
813 762 857 798 et
880 755 1043 812 sopitos
1066 753 1254 797 suscitat
1277 753 1413 809 ignes,

180 833 564 889 Pergameumque
587 829 748 872 Larem
772 833 817 871 et
842 842 976 870 canae
1000 824 1242 883 penetralia
1265 824 1431 867 Vestae

179 902 314 945 Farre
338 901 410 959 pio
433 907 479 944 et
501 901 632 959 plena
655 899 842 957 supplex
866 903 1100 941 veneratur
1122 911 1280 940 acerra.

271 973 516 1030 Extemplo
541 971 675 1015 socios
698 970 978 1027 primumque
1001 968 1179 1011 arcessit
1202 967 1412 1023 Acesten,

179 1045 242 1088 Et
264 1044 296 1087 J
299 1044 390 1087 ovis
412 1043 647 1100 imperium
672 1047 716 1085 et
739 1041 830 1084 cari
850 1045 1088 1097 praecepta
1109 1037 1308 1096 parentis

181 1116 367 1170 Edocet‚
392 1120 436 1158 et
460 1129 572 1171 quae
594 1128 712 1156 1111110
735 1113 883 1156 animo
907 1111 1129 1155 sententia
1151 1114 1336 1153 constet.

180 1186 318 1228 Haud
342 1200 463 1228 mora
487 1185 691 1240 consiliis,
715 1198 794 1226 nec
812 1183 937 1239 jussa
959 1186 1131 1224 recusat
1158 1180 1351 1224 Acestes.

183 1257 523 1301 Transscribunt
545 1256 645 1298 urbi
667 1260 845 1310 matres,
869 1253 1172 1311 populumque
1194 1252 1418 1294 volentem

184 1330 441 1386 Deponunt,
466 1327 634 1370 animos
656 1327 719 1369 nil
742 1341 928 1382 magnae
952 1325 1096 1368 laudis
1119 1328 1309 1381 egentes,

181 1401 275 1458 Ipsi
299 1406 492 1443 transtra
514 1404 693 1452 novant,
718 1397 996 1453 flammisque
1019 1396 1196 1438 ambesa
1219 1398 1438 1450 reponunt

183 1473 357 1515 Robora
379 1471 579 1527 navigiis,
604 1475 763 1525 aptant
786 1482 1014 1523 remosque
1037 1467 1349 1522 rudentesque,

180 1542 346 1599 Exigui
368 1556 565 1597 numero,
591 1541 666 1584 sed
688 1540 803 1583 bello
826 1539 973 1582 Vivida
997 1538 1150 1582 virtus.

182 1614 360 1657 Interea
382 1614 557 1656 Aeneas
578 1613 731 1655 urbem
754 1611 957 1668 designat
980 1615 1136 1665 aratro7

185 1685 465 1742 Sortiturque
487 1685 639 1728 domos
659 1698 670 1739 3
705 1683 786 1726 1100
809 1682 946 1725 1110111
969 1687 1013 1724 et
1035 1681 1143 1724 haec
1165 1680 1262 1723 loca
1284 1678 1464 1735 Trojam

179 1757 290 1800 Esse
308 1756 448 1812 jubet.
515 1755 695 1799 Gaudet
718 1769 849 1811 regno
873 1753 1086 1809 Trojanus
1108 1751 1309 1806 Acestes,

180 1827 435 1882 Indicitque
457 1827 601 1870 forum
624 1831 668 1869 et
692 1825 896 1883 patribus
919 1825 996 1867 dat
1013 1824 1116 1881 jura
1137 1822 1318 1866 vocatis.

184 1899 301 1941 Tum
325 1898 471 1940 vicina
493 1897 622 1940 astris
644 1897 834 1952 Erycino
855 1895 903 1938 in
925 1895 1087 1937 vertice
1111 1895 1233 1937 sedes

181 1970 422 2012 Fundatur
445 1967 609 2010 Veneri
631 1967 812 2018 Idaliae,
837 1966 1098 2022 tumuloque
1122 1965 1321 2008 sacerdos

181 2041 250 2083 Ac
274 2041 399 2082 lucus
420 2040 511 2082 late
535 2053 655 2082 sacer
676 2039 855 2081 additur
875 2038 1109 2082 Anchiseo,

182 2111 212 2154 J
218 2125 375 2166 amque
400 2110 490 2153 dies
513 2110 694 2166 epulata
716 2123 873 2151 novem
895 2123 1001 2164 gens
1024 2107 1178 2163 omnis,
1203 2112 1248 2150 et
1272 2106 1359 2150 aris

181 2181 351 2225 Factus
373 2181 508 2224 honos
525 2194 536 2235 3
570 2180 732 2237 placidi
755 2184 1004 2222 straverunt
1029 2193 1218 2235 aequora
1239 2178 1379 2233 venti,

183 2252 342 2296 Creber
366 2258 410 2294 et
433 2251 660 2307 adspirans
685 2265 831 2293 rursus
853 2255 980 2292 vocat
1004 2249 1171 2293 Auster
1192 2250 1238 2292 in
1260 2250 1419 2293 altum.

182 2324 393 2366 Exoritur
414 2337 628 2379 procurva
650 2322 802 2377 ingens
825 2336 899 2378 per
922 2321 1051 2364 litora
1072 2321 1204 2364 fietus
1226 2336 1235 2375 3

185 2394 415 2451 Complexi
438 2393 556 2436 inter
578 2407 620 2436 se
643 2398 904 2447 noctemque
927 2392 1132 2447 diemque
1156 2396 1394 2435 morantur.

182 2466 311 2521 Ipsae
329 2465 423 2521 jam
446 2469 623 2520 matres,
650 2462 748 2520 ipsi,
774 2463 932 2518 quibus
955 2478 1106 2518 aspera
1129 2463 1364 2518 quondam,

183 2536 292 2578 Visa
314 2535 448 2578 maris
471 2535 604 2583 facies
627 2539 671 2577 ct
695 2549 781 2577 non
804 2533 1028 2576 tolerabile
1053 2547 1226 2588 nomen,

183 2607 252 2650 Iro
274 2607 430 2650 volunt
453 2619 716 2662 omnemque
738 2604 868 2662 fugae
892 2604 1078 2661 perferre
1101 2604 1303 2647 laborem.

1533 1960 1624 2007 760

1534 2317 1621 2364 ‘565
