1757 2916
149 147 238 190 280
636 158 867 189 AENfflnos
900 159 984 189 ΜΒ.
1021 158 1099 189 xu.

152 267 179 288 “
196 267 293 310 Aut
316 274 368 310 tu
389 267 505 310 bella
527 267 605 322 eie>
625 271 976 323 conceptumque
999 272 1157 308 excute
1180 266 1340 308 foedus.

152 338 364 382 “Auctor
386 353 463 396 ego
486 339 717 382 audendi.¹'
784 338 854 381 Sic
880 337 1111 380 exhortata
1135 337 1312 393 reliquit

152 411 371 454 Incertam
396 417 440 454 et
464 411 583 453 tristi
606 410 831 452 turbatam
853 409 1033 452 vulnere
1057 410 1230 453 mentis.
1497 409 1582 452 160

246 482 420 524 Interea
443 480 816 537 reges—ingenti
838 480 950 522 mole
976 480 1164 523 Latinus

153 553 423 609 Quadrijugo
446 552 619 594 vehitur
641 566 783 608 curm,
809 551 881 594 cui
903 556 1105 608 tempora
1127 551 1295 594 circum

154 625 316 667 Aurati
339 624 404 666 bis
428 638 503 666 sex
524 622 637 666 radii
658 623 877 679 fulgentia
899 622 1100 679 cingunt,

155 695 264 740 Solis
286 696 356 738 avi
379 695 599 751 specimen
616 709 626 749 3
666 694 773 751 bigis
795 694 832 736 it
857 694 1035 749 Turnus
1056 693 1104 736 in
1127 693 1252 750 albis,
1291 729 1298 734 .

154 768 266 809 Bina
289 782 426 809 manu
447 767 538 810 lato
561 767 755 823 crispans
776 766 955 809 hastilia
977 766 1102 809 ferro.
1499 765 1586 809 165

153 839 270 882 Hinc
293 845 420 896 pater
441 839 630 896 Aeneas,
656 838 881 881 Romanae
905 837 1052 894 stirpis
1075 838 1208 895 origo,

155 911 328 977 Sidqereo
349 911 538 968 flagrans
561 910 700 967 clipeo
723 916 767 953 et
791 910 1053 953 coelestibus
1077 909 1226 965 armis,

153 982 215 1025 Et
231 981 364 1039 juxta
385 982 618 1039 Ascanius,
641 997 828 1040 magnae
852 997 948 1038 spes
971 982 1110 1024 altera
1134 981 1314 1036 Romae,

154 1052 405 1096 Proeedunt
429 1053 583 1096 castris
604 1067 615 1107 3
651 1067 850 1109 puraque
873 1053 920 1095 in
942 1058 1061 1095 veste
1085 1053 1279 1095 sacerdos

157 1123 341 1180 Setigeri,
363 1123 503 1166 fetum
527 1124 616 1166 suis
637 1123 946 1179 intonsamque
968 1123 1195 1165 bide-ntem
1501 1118 1590 1166 170

156 1194 345 1251 Attulit,
369 1195 655 1251 admovitque
678 1210 811 1251 pecus
833 1195 1125 1251 flagrantibus
1147 1194 1242 1238 aris.

155 1268 227 1310 Illi
249 1268 305 1310 ad
328 1273 582 1325 surgentem
605 1267 797 1310 conversi
818 1267 989 1310 lumina
1012 1267 1146 1309 solem

97 1332 99 1334 ¹
156 1338 280 1381 Dant
301 1339 445 1395 fruges
468 1338 671 1381 manibus
689 1339 836 1392 salsas,
863 1343 907 1380 et
929 1343 1127 1394 tempora
1148 1337 1258 1379 ferro

158 1410 340 1454 Summa
363 1415 522 1453 notant
544 1410 780 1466 pecudum,
805 1409 1055 1465 paterisque
1078 1409 1236 1451 altaria
1257 1409 1401 1451 libant

157 1482 273 1523 Tum
296 1481 394 1537 pius
418 1480 593 1522 Aeneas
617 1479 766 1522 stricto
790 1479 849 1522 sic
874 1493 975 1522 ense
997 1479 1203 1537 precatur
1223 1494 1231 1522 :
1502 1477 1590 1524 175

157 1552 186 1573 ‘⁶
204 1552 315 1595 Esto
338 1566 454 1594 nunc
480 1551 553 1595 Sol
574 1551 705 1593 testis
726 1555 770 1593 et
794 1550 899 1593 haee
922 1549 1033 1594 mihi
1056 1549 1193 1592 Terra
1215 1550 1408 1606 vocanti,

157 1623 185 1644 ‘⁶
207 1623 349 1676 Quam
372 1627 552 1679 propter
574 1626 722 1664 tantos
744 1621 869 1678 potui
890 1621 1075 1678 perferre
1095 1621 1277 1677 labores,

157 1693 184 1714 ‘⁶
203 1694 265 1736 Et
288 1693 422 1736 Pater
444 1693 736 1749 omnipotens,
761 1697 806 1735 et
829 1698 881 1735 tu
905 1692 1113 1736 Saturnia
1136 1692 1308 1749 conjux,

158 1765 185 1786 ‘⁶
201 1765 232 1808 J
236 1780 308 1807 am
329 1765 494 1820 melior-3
514 1764 623 1820 jam,
648 1764 763 1820 diva,
788 1779 952 1821 precor,
976 1764 1116 1820 tuque
1138 1764 1303 1820 inelyte
1328 1763 1516 1820 Mavors,

157 1837 185 1858 ‘⁶
204 1837 379 1880 Cuncta
403 1842 479 1879 tuo
505 1836 581 1891 qui
601 1836 729 1890 bella,
755 1840 898 1892 pater,
924 1836 1005 1878 sub
1027 1835 1210 1877 numine
1233 1840 1438 1891 torques3
1505 1836 1593 1878 180

158 1907 184 1928 “
202 1906 455 1962 Fontesque
478 1905 751 1961 Fluviosque
774 1919 891 1959 voco,
917 1893 1116 1960 quaeque
1139 1904 1328 1948 aetheris
1351 1905 1432 1948 alti

158 1978 185 1998 “
205 1976 392 2033 Religio,
417 1982 460 2018 et
485 1990 598 2032 quae
621 1975 816 2018 caeruleo
839 1980 941 2018 sunt
963 1975 1149 2018 numina
1172 1982 1333 2033 ponto:

159 2049 185 2070 ‘⁴
205 2047 394 2092 Cesserit
417 2046 614 2090 Ausonio
638 2046 673 2088 si
694 2042 791 2088 fors‘
803 2045 985 2088 victoria
1009 2040 1157 2090 Turno
1178 2061 1189 2102 3

160 2120 186 2141 “
207 2119 435 2174 Convenit,
461 2116 659 2161 Evandri
682 2117 818 2160 victos
841 2116 1057 2160 discedere
1079 2118 1136 2160 ad
1157 2118 1326 2174 urbem,

159 2191 187 2213 ‘⁶
202 2191 339 2236 Cedet
361 2179 488 2233 Iulus
513 2189 639 2246 agris,
662 2203 742 2231 nec
764 2194 863 2245 post
886 2203 1009 2232 arma
1029 2189 1122 2246 ulla
1144 2189 1323 2234 rebelles
1506 2190 1593 2235 185

159 2263 187 2284 “
205 2262 437 2305 Aeneadae
461 2260 661 2315 referent,
684 2260 846 2302 ferrove
867 2260 975 2303 haec
997 2275 1132 2317 regna
1154 2259 1379 2305 lacessent.

159 2333 187 2355 “
207 2333 284 2377 Sin
307 2337 506 2375 nostrum
531 2331 734 2374 adnuerit
758 2332 879 2375 nobis
903 2332 1102 2376 Victoria
1125 2332 1317 2376 Martem
1333 2360 1352 2367 -

160 2404 186 2425 ‘⁶
205 2404 274 2448 Ut
297 2404 444 2461 potius
469 2419 572 2457 reor,
600 2407 645 2446 et
669 2403 816 2460 potius
838 2404 882 2446 di
904 2403 1088 2446 numine
1111 2404 1319 2447 firment-
1338 2419 1349 2459 3

161 2475 188 2496 “
206 2475 307 2536 Non
330 2489 407 2531 ego
430 2489 507 2517 nee
533 2474 717 2517 Teucris
740 2473 879 2517 Italos
902 2488 1052 2531 parere
1070 2475 1249 2532 jubebo,

160 2547 186 2566 “
206 2545 298 2588 Nec
322 2546 430 2588 mihi
456 2560 586 2602 regna
611 2550 714 2601 peto
735 2559 746 2600 3
781 2545 960 2601 paribus
983 2560 1026 2588 se
1049 2546 1221 2603 legibus
1243 2547 1398 2590 ambae
1507 2548 1595 2592 190

164 2617 187 2641 “
207 2617 412 2659 Invictae
437 2623 586 2674 gentes
613 2621 790 2658 aeterna
813 2616 856 2658 in
882 2616 1050 2659 foedera
1073 2617 1271 2662 mittant..
