1731 2923
548 131 776 162 Annmnos
809 131 895 162 mn.
929 130 1010 161 vn.
1412 120 1490 162 167

70 243 264 287 Indutus
286 241 435 298 capiti,
460 241 521 283 sic
542 239 660 296 regia
681 244 804 282 tecta
828 239 1019 294 subibat,

70 313 297 368 Horridus,
323 312 622 368 Herculeoque
644 308 847 354 humeros
868 310 1054 352 innexus
1076 310 1253 353 amicta.

162 384 280 426 Tum
301 383 464 439 gemini
484 383 636 426 fratres
663 382 870 425 Tiburtia
891 382 1061 424 moenia
1083 382 1310 438 linquunt,
1413 378 1500 424 670

70 455 238 498 Fratris
263 455 441 497 Tiburti
462 455 627 497 dictam
651 453 904 511 cognomine
927 459 1118 510 gentem,

73 527 347 582 Catillusque
370 540 551 582 acerque
577 526 722 581 Coras,
747 525 912 581 Argiva
928 525 1154 581 juventus,

73 598 133 640 Et
155 597 343 653 primam
365 602 468 639 ante
486 596 625 639 aciem
647 597 781 639 densa
802 596 917 639 inter
938 596 1027 639 tela
1043 596 1259 651 feruntur,

74 669 168 712 Ceu
189 668 276 710 duo
297 668 541 724 nubigenae
564 682 702 723 quum
723 668 884 710 vertice
908 668 1070 710 montis
1093 668 1149 710 ab
1172 668 1263 710 alto

75 739 360 781 Descendunt
386 737 611 793 Centauri,
637 738 856 781 Homolen
882 737 1158 795 Othrquue
1181 737 1373 780 nivalem
1417 733 1505 780 675

74 808 347 864 Linquentes
369 822 499 850 cursu
521 808 671 864 rapido
687 822 698 863 3
733 809 811 851 dat
833 809 1040 851 euntibus
1062 809 1215 866 ingens

79 879 197 922 Silva
217 878 376 934 locum,
402 884 446 920 et
467 893 627 934 magno
649 879 811 921 cedunt
833 879 1026 935 virgulta
1046 879 1226 935 fragore.

167 948 260 992 Nec
284 948 594 991 Praenestinae
616 949 826 991 fundator
846 949 988 991 defuit
1010 950 1142 1004 urbis,

78 1020 278 1063 Vulcano
300 1019 500 1076 genitum
522 1034 675 1076 pecora
695 1019 811 1062 inter
832 1020 1022 1076 agrestia
1044 1034 1190 1077 regem

78 1091 406 1146 Inventumque
427 1090 532 1132 focis
554 1090 696 1132 omnis
720 1104 852 1146 quem
874 1091 1057 1133 credidit
1080 1096 1215 1146 aetas,
1422 1090 1510 1133 680

80 1161 308 1205 Caeculus.
373 1159 506 1202 Hunc
527 1160 640 1217 legio
662 1160 753 1202 late
776 1160 1014 1203 comitatur
1036 1161 1237 1218 agrestis,

81 1232 252 1288 Quique
274 1231 417 1273 altum
440 1231 677 1274 Praeneste
699 1231 793 1287 viri,
819 1231 980 1288 quique
1003 1247 1106 1274 arva
1130 1231 1330 1275 Gabinae

80 1303 270 1347 Junonis
292 1303 574 1359 gelidumque
596 1302 816 1345 Anienem
838 1308 882 1346 et
906 1304 1072 1346 roscida
1094 1304 1197 1346 rivis

83 1375 276 1418 Hernica
299 1389 404 1417 saxa
428 1375 578 1417 colunt
598 1388 609 1428 3
644 1389 751 1430 quos
773 1374 892 1418 dives
915 1375 1124 1431 Anagnia
1146 1375 1301 1432 pascit,

85 1447 215 1502 Quos,
240 1446 459 1488 Amasene
482 1452 620 1502 pater.
685 1445 788 1489 Non
809 1446 894 1489 illis
917 1447 1119 1490 omnibus
1142 1461 1280 1501 arma,
1428 1446 1515 1489 685

84 1517 178 1560 Nec
202 1517 332 1573 clipei
353 1508 557 1559 currusve
581 1522 738 1559 sonant
758 1531 766 1559 :
802 1532 903 1573 pars
925 1518 1121 1559 maxima
1142 1518 1323 1574 glandes

85 1587 289 1631 Liventis
311 1587 482 1643 plumbi
504 1587 697 1644 spargit3
731 1602 834 1644 pars
857 1588 1024 1644 spicula
1046 1593 1194 1645 gestat

88 1658 203 1701 Bina
224 1670 361 1700 manu
378 1671 390 1712 3
422 1657 652 1713 fulvosque
674 1658 771 1714 lupi
792 1659 845 1700 de
867 1659 982 1715 pelle
1005 1659 1172 1715 galeros

89 1729 285 1785 Tegmen
305 1728 472 1770 habent
494 1727 657 1784 capiti3
692 1728 876 1785 vestigia
897 1729 1017 1771 nuda
1040 1729 1205 1772 sinistri

88 1799 333 1842 Instituere
354 1798 492 1854 pedis,
517 1799 677 1840 crudus
698 1798 811 1855 tegit
834 1800 971 1842 altera
993 1814 1105 1856 pero.
1432 1799 1519 1842 690

180 1869 246 1912 At
269 1869 510 1925 Messapus,
536 1873 696 1925 equum
723 1870 922 1926 domitor,
947 1870 1178 1927 Neptunia
1199 1871 1352 1927 proles,

92 1941 233 1995 Quem
255 1954 395 1996 neque
416 1940 483 1983 fas
504 1940 597 1997 igni
618 1940 826 1996 cuiquam
846 1956 925 1983 nec
950 1947 1140 1984 sternere
1160 1941 1288 1997 ferro,

92 2013 122 2055 J
127 2027 200 2055 am
221 2012 390 2068 pridem
412 2012 571 2054 resides
593 2013 775 2069 populos
797 2013 1066 2069 desuetaque
1088 2014 1202 2056 bello

101 2084 288 2140 Agmina
308 2084 355 2125 in
378 2098 499 2125 arma
519 2089 648 2126 Vocat
671 2084 831 2139 subito,
854 2084 1103 2141 ferrumque
1125 2090 1352 2129 retractat.

96 2156 157 2197 Hi
179 2154 476 2196 Fescenninas
499 2153 612 2196 acies
635 2154 900 2210 Aequosque
923 2155 1130 2210 Faliscos,
1438 2156 1524 2198 695

98 2226 161 2268 Hi
186 2225 375 2268 Soractis
395 2225 561 2266 habent
583 2239 704 2267 arces
726 2225 1017 2281 Flaviniaque
1040 2241 1144 2268 arva

98 2295 158 2338 Et
184 2294 348 2338 Cimini
370 2309 472 2337 cum
492 2299 640 2336 monte
663 2293 812 2336 lacum
831 2295 1037 2351 lucosque
1062 2295 1272 2351 Capenos.

98 2366 233 2408 Ibant
255 2365 433 2421 aequati
453 2378 649 2419 numero,
673 2379 902 2421 regemque
925 2366 1165 2409 canebant:

102 2436 195 2479 Ceu
217 2435 439 2491 quondam
460 2434 575 2477 nivei
596 2434 764 2490 liquida
786 2434 903 2477 inter
923 2435 1077 2478 nubila
1100 2436 1238 2492 cycni,

103 2506 253 2560 Quum
275 2520 366 2548 sese
388 2519 410 2547 e
433 2510 566 2562 pastu
588 2505 781 2548 referunt
804 2511 848 2548 et
869 2506 999 2563 longa
1020 2521 1198 2550 canoros
1442 2505 1533 2551 '700

105 2576 230 2620 Dant
253 2591 330 2633 per
350 2576 462 2620 colla
484 2577 634 2620 modos
654 2590 665 2631 3
700 2581 824 2620 sonat
847 2578 987 2621 amnis
1009 2583 1054 2621 et
1076 2578 1186 2622 Asia
1207 2578 1334 2636 longe
