1741 2902
589 133 818 166 AENEIDos
849 132 935 163 Lm.
971 131 1032 161 xx.
1447 113 1535 155 263

200 249 408 294 Velocem
429 247 596 290 interea
618 241 785 300 superis
808 241 854 283 in
878 239 1050 283 sedibus
1076 235 1225 292 Opim,

114 321 266 364 Unam
288 334 343 361 ex
363 315 604 373 virginibus
627 313 750 356 sociis
775 323 981 365 sacraque
1003 313 1197 359 caterva,

114 389 418 446 Compellabat
441 392 486 429 et
506 385 587 428 has
609 383 758 426 tristes
781 380 970 425 Latonia
992 392 1116 421 voces

114 461 201 504 Ore
224 460 384 503 dabat:
423 458 449 478 ‘⁶
470 455 682 500 Graditur
702 453 869 496 bellum
891 451 946 493 ad
969 448 1142 492 crudele
1167 445 1367 499 Camilla,
1452 445 1539 487 535

113 531 140 551 ‘⁶
160 531 196 573 O
221 530 352 584 virgo,
377 532 422 570 et
445 526 604 569 nostris
626 523 925 580 nequidquam
947 520 1139 577 cingitur
1160 517 1303 570 armis,

113 601 140 622 “
161 601 274 644 Cara
297 599 407 642 mihi
429 603 532 641 ante
555 597 662 639 alias
683 610 691 639 :
726 608 865 650 neque
889 592 1006 635 enim
1028 604 1164 632 novus
1185 588 1269 630 iste
1292 586 1463 628 Dianae

113 672 140 692 ‘⁴
159 671 299 714 Venit
321 684 453 724 amor,
478 668 710 722 subitaque
733 665 931 707 animum
953 660 1182 705 dulcedine
1205 656 1357 700 movit.

115 742 142 763 ‘⁴
161 742 324 784 Pulsus
347 742 400 783 ob
423 739 635 782 invidiam
656 751 786 793 regno
809 734 1007 789 viresque
1031 730 1239 787 superbas

116 813 144 833 ‘⁶
161 812 370 855 Priverno
393 810 578 866 antiqua
601 808 807 851 Metabus
830 820 931 848 cum
956 803 1182 846 excederet
1206 800 1309 842 urbe
1335 812 1345 852 ;
1454 795 1542 840 540

116 883 145 904 ‘⁶
164 883 389 925 Infantem
410 881 584 937 fugiens
605 877 749 921 media
770 877 883 918 inter
904 874 1067 930 proelia
1088 872 1193 914 belli

116 954 144 975 “
169 953 360 998 Sustulit
384 951 533 994 exsilio
556 949 774 1002 comitem,
798 945 1038 999 matrisque
1060 941 1231 984 vocavit

117 1025 146 1047 “
164 1024 354 1068 Nomine
378 1022 630 1074 Casmillae,
653 1023 831 1061 mutata
851 1021 992 1073 parte,
1018 1013 1262 1057 Camillam.
1287 1054 1296 1059 ,

119 1095 149 1117 “
167 1096 269 1152 Ipse
293 1095 392 1138 sinu
413 1107 517 1150 prae
541 1107 583 1136 se
605 1095 800 1148 portans,
819 1088 928 1145 juga
948 1087 1079 1143 longa
1102 1084 1283 1141 petebat

119 1167 147 1189 “
168 1167 370 1212 Solorum
392 1178 620 1208 nemorum
640 1176 651 1217 3
682 1161 772 1204 tela
794 1158 988 1214 undique
1012 1170 1138 1200 saeva
1159 1152 1431 1211 premebant,
1457 1147 1544 1194 545

117 1237 146 1259 “
159 1237 221 1280 Et
245 1235 504 1279 circumfuso
525 1233 772 1276 volitabant
794 1229 934 1291 milite
957 1226 1120 1270 Volsci.

120 1307 151 1330 “
169 1308 299 1362 Ecce,
322 1306 453 1363 fugae
475 1303 619 1347 medio
642 1301 824 1346 summis
847 1300 1096 1342 Amasenus
1118 1294 1349 1338 abundans

119 1379 148 1401 ‘⁶
168 1379 413 1436 Spumabat
436 1377 564 1433 ripis:
599 1379 755 1418 tantus
778 1387 822 1416 se
845 1371 1035 1414 nubibus
1056 1368 1195 1411 imber

119 1450 149 1472 “
168 1450 381 1507 Ruperat.
446 1447 542 1502 Ille,
566 1446 715 1488 innare
736 1457 912 1500 parans,
935 1439 1118 1483 infantis
1139 1450 1284 1479 amore

119 1522 148 1545 ‘⁶
169 1522 405 1575 Tardatur,
430 1532 613 1574 caroque
635 1515 753 1559 oneri
774 1514 916 1556 timet.
983 1509 1146 1554 Omnia
1168 1521 1318 1550 secum
1461 1503 1548 1547 550

122 1593 149 1615 ‘⁶
167 1590 376 1635 Versanti
398 1589 543 1633 subito
563 1587 638 1629 vix
658 1586 766 1628 haec
790 1581 1010 1626 sententia
1033 1579 1145 1623 sedit
1163 1592 1173 1621 ι

128 1664 155 1685 “
174 1662 334 1706 Telum
356 1661 562 1714 immane,
586 1671 723 1699 manu
744 1654 890 1697 valida
912 1652 1028 1708 quod
1048 1651 1157 1693 forte
1179 1647 1357 1705 gerebat

121 1735 148 1756 “
166 1733 376 1787 Bellator,
402 1730 590 1774 solidum
611 1727 737 1770 nodis
760 1730 805 1767 et
827 1724 974 1767 robore
997 1726 1134 1775 cocto,

120 1805 148 1826 “
166 1804 284 1847 Huic
309 1807 464 1845 natam
483 1800 593 1842 libro
615 1803 660 1840 et
684 1794 875 1840 silvestri
899 1793 1051 1836 subere
1074 1791 1268 1833 clausam

121 1876 148 1897 ‘⁶
165 1874 388 1932 Implicat‚
413 1877 546 1928 atque
569 1869 762 1912 habilem
783 1865 950 1908 mediae
975 1861 1251 1917 circumligat
1271 1858 1435 1900 hastae.
1462 1857 1550 1900 555

123 1947 150 1968 “
169 1947 314 2000 Quam
336 1945 490 1987 dextra
512 1939 683 1998 ingenti
701 1939 864 1981 librans
885 1936 949 1978 ita
970 1935 1027 1977 ad
1048 1933 1225 1976 aethera
1247 1930 1393 1972 fatur:

122 2018 149 2039 “
168 2017 178 2038 ‘
194 2016 343 2071 Alma,
367 2014 452 2057 tibi
471 2014 602 2067 hanc,
625 2023 852 2053 nemorum
875 2005 1050 2059 cultrix,
1074 2002 1264 2046 Latonia
1284 2000 1417 2056 virgo,

122 2088 150 2109 “
171 2088 181 2108 ⁴
202 2087 302 2143 Ipse
324 2091 449 2143 pater
469 2083 682 2126 famulam
703 2094 835 2122 voveo
852 2092 864 2132 ;
899 2083 977 2120 tua
999 2076 1141 2132 prima
1163 2088 1238 2130 per
1260 2085 1386 2114 auras

124 2159 150 2179 ‘⁴
169 2158 180 2178 ζ
202 2158 310 2200 Tela
333 2163 488 2197 tenens
512 2152 699 2208 supplex
719 2151 891 2193 hostem
911 2147 1052 2203 fugit:
1089 2145 1252 2200 accipe,
1279 2147 1428 2194 testor,

123 2231 149 2251 “
168 2230 177 2250 ⁶
195 2229 311 2271 Diva
334 2232 473 2278 tuam,
499 2237 610 2279 quae
632 2235 747 2263 nunc
770 2219 913 2262 dubiis
936 2215 1229 2260 committitur
1251 2210 1394 2254 amis?
1463 2208 1552 2251 560

128 2300 154 2321 “
174 2299 319 2351 Dixit,
341 2302 386 2340 et
410 2296 600 2338 adducto
623 2296 876 2335 contortum
896 2287 1057 2331 hastile
1078 2286 1241 2327 lacerto

126 2370 152 2391 “
169 2368 412 2413 Immittit:
449 2378 627 2409 sonuere
648 2362 818 2414 undae,
852 2357 1055 2415 rapidum
1079 2369 1206 2411 super
1228 2365 1403 2395 amnem

124 2440 154 2464 “
169 2440 332 2483 Infelix
352 2437 468 2495 fugit
491 2436 537 2478 in
555 2433 700 2491 jaculo
723 2430 935 2474 stridente
959 2426 1156 2471 Camilla.
1309 2431 1314 2435 ’

126 2510 157 2532 “
175 2510 241 2553 At
263 2508 484 2563 Metabus,
506 2518 670 2562 magna
690 2500 869 2559 propius
884 2499 978 2555 jam
999 2500 1182 2553 urgente
1204 2498 1391 2547 caterva,

129 2581 154 2604 ‘⁶
169 2581 264 2624 Dat
287 2594 378 2623 sese
399 2577 550 2632 fluvio,
575 2580 709 2631 atque
731 2572 908 2615 hastam
931 2583 1034 2612 cum
1056 2565 1219 2623 virgine
1240 2564 1378 2607 victor
1460 2562 1548 2605 565
