1757 2916
215 119 303 163 216
699 129 931 160 AENEIDOS
962 129 1049 160 Lm.
1084 128 1147 158 1x.

212 239 405 294 Emicat,
430 243 474 282 et
498 238 649 282 mortis
671 238 892 281 fraternae
914 237 1104 279 fervidus
1127 235 1189 278 ira

211 311 410 354 Effatur:
448 309 477 331 ‘⁶
494 310 597 353 Non
618 310 725 352 haec
749 308 910 351 dotalis
933 308 1052 363 regia
1074 308 1281 362 Amatae,

214 382 240 403 ‘⁸'
259 382 302 424 N
307 397 352 425 ec
375 382 511 424 muris
534 381 706 424 cohibet
730 379 888 436 patriis
912 379 1056 420 media
1074 379 1222 421 Ardea
1246 378 1474 432 Turnum;

214 451 242 473 ‘⁴
263 453 418 496 Castra
439 451 618 494 inimica
640 451 759 499 vides
780 463 790 503 3
825 449 948 491 nulla
970 449 1070 491 hinc
1095 449 1211 491 exire
1235 450 1474 505 potestas.’'

213 523 301 567 Olli
325 523 552 566 subridens
575 522 725 564 sedato
748 525 922 576 pectore
946 519 1146 562 Turnus:
1559 518 1647 562 740

214 594 242 616 ‘⁴
262 595 428 651 Incipe,
454 594 489 636 si
511 608 598 649 qua
621 593 767 635 animo
789 591 943 647 virtus,
968 596 1012 633 et
1035 605 1209 633 consere
1232 591 1436 633 dextram
1456 606 1464 634 :

214 666 240 688 ‘⁴
263 666 349 708 Hic
371 666 508 708 etiam
529 665 762 706 inventum
784 663 960 705 Priamo
982 662 1180 705 narrabis
1202 662 1447 704 Achillen.”
1487 686 1490 690 ·

214 737 401 779 Dixerat
418 750 429 791 ;
463 735 536 778 ille
561 735 713 778 rudem
735 734 860 777 nodis
883 739 926 777 et
951 733 1109 776 cortice
1132 734 1266 776 crudo

213 808 448 863 Intorquet
471 806 655 849 summis
677 806 867 849 adnixus
890 805 1053 848 viribus
1077 805 1266 849 hastam.

214 879 436 934 Excepere
459 890 616 922 aurae:
651 877 811 920 vulnus
836 876 1043 920 Saturnia
1064 876 1185 919 Juno
1561 872 1649 919 745

214 949 412 992 Detorsit
433 949 613 992 veniens
637 955 874 1005 portaeque
897 948 1097 1006 infigitur
1117 948 1256 992 hasta.

215 1019 244 1041 ‘⁶
262 1020 328 1062 At
350 1035 437 1063 non
457 1020 538 1063 hoc
562 1020 718 1074 telum,
742 1034 841 1062 mea
863 1021 980 1075 quod
1002 1020 1046 1062 vi
1067 1020 1248 1062 dextera
1269 1023 1427 1074 versat,

216 1091 242 1112 “
261 1090 460 1148 Effugies
481 1106 489 1135 :
526 1104 667 1147 neque
690 1091 806 1133 enim
829 1091 866 1134 is
888 1092 968 1133 teli
989 1106 1067 1133 nec
1090 1090 1280 1133 vulneris
1302 1091 1497 1133 auctor.’'

217 1162 287 1205 Sic
310 1162 387 1218 ait,
413 1167 458 1205 et
481 1163 709 1205 sublatum
731 1162 822 1204 alte
846 1162 1068 1218 consurgit
1090 1163 1138 1204 in
1160 1175 1323 1216 ensem,
1560 1177 1577 1193 ·

214 1233 277 1275 Et
299 1233 490 1275 mediam
511 1233 619 1275 ferro
641 1232 817 1288 gemina
837 1233 955 1275 inter
975 1238 1172 1290 tempora
1192 1233 1382 1275 frontem
1561 1230 1650 1276 750

219 1304 392 1346 Dividit
413 1305 701 1360 impubesque
723 1304 908 1346 immani
928 1304 1105 1345 vulnere
1128 1304 1280 1348 malas,

216 1374 292 1416 Fit
317 1388 474 1418 sonus:
510 1372 680 1430 ingenti
702 1388 911 1416 concussa
933 1378 998 1415 est
1022 1374 1213 1429 pondere
1236 1373 1381 1416 tellus.

218 1444 586 1500 Collapsos-artus
609 1449 745 1500 atque
768 1459 890 1486 arma
913 1449 1096 1486 cruenta
1119 1444 1290 1486 cerebro

219 1513 387 1557 Sternit
409 1514 535 1557 humi
556 1515 758 1571 moriens,
783 1520 916 1571 atque
933 1514 999 1557 illi
1021 1513 1222 1571 partibus
1245 1513 1397 1570 aequis

217 1584 318 1627 Huc
343 1590 477 1642 caput
500 1589 635 1642 atque
657 1585 762 1628 illuc
785 1585 965 1629 humero
989 1599 1044 1628 ex
1066 1591 1251 1641 utroque
1273 1584 1497 1642 pependit.
1562 1582 1650 1629 755

218 1656 473 1713 Diffugiunt
495 1656 606 1700 versi
628 1657 800 1713 trepida
821 1656 1051 1700 formidine
1076 1656 1209 1699 Troes
1227 1671 1235 1700 :

217 1729 280 1771 Et
303 1728 339 1771 si
362 1728 570 1771 continuo
592 1728 805 1771 victorem
826 1742 877 1770 ea
900 1742 1003 1770 cura
1025 1727 1226 1783 subisset,

217 1800 441 1855 Rumpere.
464 1800 656 1842 claustra
678 1814 816 1855 manu
838 1799 1060 1855 sociosque
1082 1799 1323 1842 immittere
1346 1797 1498 1854 portis,

219 1869 422 1913 Ultimus
444 1869 518 1911 ille
541 1870 632 1912 dies
654 1870 765 1912 bello
788 1869 997 1926 gentique
1018 1869 1185 1912 fuisset.
1608 1886 1614 1905 ι

220 1941 307 1984 Sed
328 1940 448 1982 furor
469 1940 698 1982 ardentem
721 1940 951 1995 caedisque
973 1939 1127 1982 insana
1149 1939 1308 1996 cupido
1563 1936 1653 1983 760

218 2011 325 2067 Egit
350 2011 396 2052 in
417 2011 629 2054 adversos.

220 2081 442 2138 Principio
468 2081 692 2123 Phalerim
715 2087 760 2123 ct
783 2081 949 2124 succiso
972 2081 1138 2138 poplite
1163 2080 1320 2138 Gygen

220 2151 415 2207 Excipit,
435 2151 535 2194 hinc
558 2156 705 2207 raptas
726 2151 998 2208 fugientibus
1020 2152 1179 2210 ingerit
1202 2152 1352 2195 hastas

220 2222 276 2264 In
300 2229 474 2277 tergum
493 2234 503 2264 :
538 2220 658 2264 Juno
681 2221 792 2264 vires
814 2222 1103 2278 animumque
1126 2222 1363 2266 ministrat.

223 2293 364 2337 Addit
388 2293 552 2349 Halym
576 2293 781 2336 comitem
805 2299 850 2336 ct
873 2294 1043 2337 confixa
1065 2294 1241 2352 Phegea
1261 2308 1429 2351 parma,
1566 2292 1653 2339 765

222 2366 402 2423 Ignaros
425 2364 582 2407 deinde
604 2365 649 2407 in
672 2365 806 2408 muris
830 2366 1108 2422 Martemque
1130 2366 1293 2409 cientes
1635 2374 1667 2384 ³

223 2436 582 2491 Alcandrumque
605 2435 872 2491 Haliumque
896 2436 1215 2492 Noemonaque
1238 2435 1572 2492 Prytanimque.

225 2507 401 2563 Lyncea
422 2506 680 2549 tendentem
703 2512 854 2548 contra
878 2507 1098 2563 sociosque
1120 2511 1353 2550 vocantem

229 2576 437 2620 Vibranti
459 2575 606 2633 gladio
628 2577 840 2619 connixus
864 2577 918 2620 ab
941 2591 1096 2634 aggerc
1118 2577 1274 2620 dexter
