1741 2902
599 133 829 164 AENEIDos
863 135 949 166 LIB.
985 135 1065 166 XII.
1458 125 1545 168 289

122 242 224 299 Ipse
247 257 387 299 neque
409 257 576 285 aversos
599 242 810 299 dignatur
831 247 1019 285 sternere
1042 242 1185 298 morti,

123 314 217 356 Nec
240 315 349 370 pede
371 328 616 371 congressos
638 329 789 369 aequo,
813 329 892 357 neo
917 314 1007 356 tela
1029 314 1213 357 ferentes
1455 315 1544 359 465

81 406 84 412 ·
123 384 402 440 Insequitur3
438 385 577 426 solum
599 385 733 426 densa
755 385 801 426 in
824 385 1008 441 caligine
1033 385 1236 426 Turnum

126 456 328 512 Vestigat
353 455 559 510 lustrans,
585 456 725 498 solum
746 456 792 497 in
815 456 1052 498 certamina
1075 456 1226 512 poscit.

123 525 219 568 Hoc
244 540 450 572 concussa
472 531 595 568 metu
618 531 814 567 mentem
835 525 1034 568 Juturna
1055 527 1201 583 virago

123 596 338 653 Aurigam
361 596 499 638 Turni
521 597 666 638 media
688 597 803 638 inter
823 597 912 639 lora
936 597 1174 639 Metiscum

123 667 324 721 Excutit,
351 673 395 709 et
417 667 542 723 longe
565 667 741 723 lapsum
764 672 939 710 temone
962 668 1167 723 relinquit
1179 682 1194 722 Δ;
1459 667 1548 713 470

124 738 228 794 Ipsa
251 738 383 794 subit,
408 738 698 793 manibusque
721 739 939 781 undantes
962 739 1103 781 flectit
1125 739 1330 793 habenas,

126 809 298 852 Cuncta
321 823 484 865 gerens,
508 823 742 864 vocemque
766 814 811 851 et
834 824 988 865 corpus
1011 816 1055 852 et
1078 825 1199 852 arma
1222 810 1394 853 Metisci

125 879 264 936 Nigra
286 880 407 922 velut
429 893 611 935 magnas
633 879 799 921 domini
821 893 959 935 quum
981 880 1129 922 divitis
1151 881 1280 923 aedes

125 949 329 992 Pervolat
354 958 399 991 et
421 949 575 1005 pennis
597 949 689 991 alta
711 950 822 991 atria
843 950 1005 992 lustrat
1026 950 1227 1006 hirundo,

125 1019 296 1061 Pabula
317 1033 450 1075 parva
473 1019 620 1075 legens
641 1019 843 1075 nidisque
865 1019 1121 1074 loquacibus
1144 1034 1276 1076 escas,
1443 1020 1548 1065 ‘475

123 1090 185 1132 Et
208 1104 324 1132 nuuc
347 1089 586 1146 porticibus
608 1089 770 1144 vacuis,
794 1104 911 1132 nunc
935 1090 1118 1133 humida
1140 1091 1302 1134 circum

127 1161 294 1217 Stagna
317 1166 440 1203 sonat
460 1175 469 1204 :
505 1161 655 1203 similis
678 1161 840 1203 medios
861 1161 1059 1204 <Iuturna
1081 1177 1158 1219 per
1178 1163 1326 1206 hostes

125 1232 286 1274 Fertur
307 1232 442 1287 equis,
467 1232 702 1288 rapidoque
724 1232 874 1274 volans
897 1233 988 1275 obit
1011 1234 1156 1276 omnia
1178 1249 1308 1276 curru
1327 1248 1338 1288 3

125 1303 316 1359 Jamque
342 1304 411 1346 hic
433 1318 705 1360 germanum,
723 1303 902 1359 jamque
925 1304 995 1346 hic
1018 1310 1215 1348 ostentat
1239 1312 1458 1361 ovantem,

126 1373 219 1416 Nec
243 1374 432 1417 conferre
449 1389 629 1416 manum
652 1374 837 1430 patitur,
863 1375 982 1417 volat
1000 1375 1097 1417 avia
1118 1376 1257 1432 longe.
1461 1376 1550 1419 480

127 1445 262 1487 Haud
285 1446 428 1487 minus
450 1445 623 1487 Aeneas
646 1450 784 1487 tortos
806 1445 913 1501 legit
937 1446 1247 1508 obviussorbes,

127 1516 420 1572 Vestigatque
442 1516 586 1557 virum
607 1521 652 1557 et
674 1515 856 1571 disjecta
878 1530 953 1571 per
974 1517 1150 1572 agmina
1172 1531 1333 1572 magna

127 1585 246 1628 Voce
269 1591 406 1628 vocat.
471 1585 652 1638 Quoties
674 1585 819 1627 oculos
842 1585 1027 1641 conjecit
1049 1586 1095 1628 in
1118 1586 1301 1641 hostem,

127 1657 452 1712 Alipedumque
474 1656 624 1712 fugam
647 1670 776 1698 cursu
797 1657 989 1698 tentavit
1010 1671 1218 1712 equorum
1239 1671 1250 1711 ;

128 1728 314 1770 Aversos
335 1727 467 1770 toties
490 1741 639 1769 currus
660 1726 857 1769 Juturna
878 1727 1064 1771 retorsit.
1126 1758 1156 1771 κ
1462 1727 1550 1771 485

128 1798 243 1853 Heu,
268 1797 375 1853 quid
396 1802 500 1853 agat
515 1798 536 1839 Ρ
602 1795 735 1838 Vario
756 1796 1056 1857 nequidquam
1077 1797 1267 1839 fluctuat
1291 1801 1430 1852 aestu,

129 1863 419 1923 Diversaeque
441 1871 598 1909 vocant
621 1866 818 1908 animum
839 1867 885 1908 in
907 1867 1120 1910 contraria
1142 1882 1279 1910 curae.

129 1938 246 1981 Huic
271 1938 516 1994 Messapus,
536 1937 607 1980 uti
628 1938 752 1979 laeva
774 1938 861 1980 duo
882 1937 992 1980 forte
1014 1938 1191 1994 gerebat

127 2009 282 2064 Lenta,
305 2007 412 2050 levis
434 2022 575 2062 cursu,
599 2008 792 2064 praefixa
814 2007 990 2050 hastilia
1009 2007 1132 2062 ferro,

129 2079 302 2121 Horum
323 2094 464 2121 unum
486 2085 602 2121 certo
625 2084 913 2134 contorquens
940 2079 1092 2135 dirigit
1113 2079 1218 2122 ictu.
1463 2079 1553 2123 490

131 2150 342 2194 Substitit
364 2150 550 2204 Aeneas,
576 2154 621 2208 et
645 2164 688 2192 se
711 2150 886 2205 collegit
909 2149 956 2191 in
976 2164 1111 2204 arma,

130 2221 304 2276 Poplite
327 2220 550 2262 subsidens
571 2234 582 2274 ;
616 2220 785 2275 apicem
807 2225 959 2262 tamen
980 2220 1118 2262 incita
1141 2235 1364 2262 summum

131 2291 273 2332 Hasta
296 2290 414 2344 tulit,
440 2303 718 2344 summasque
742 2289 933 2331 excussit
957 2289 1117 2332 vertice
1141 2290 1304 2333 cristas.

132 2361 248 2404 Tum
271 2376 367 2402 vero
390 2366 622 2415 assurgunt
644 2360 743 2414 irae,
768 2360 1022 2415 insidiisque
1046 2361 1268 2414 subactus,

132 2433 331 2474 Diversos
353 2431 428 2473 ubi
452 2432 584 2474 sentit
607 2445 737 2486 equos
761 2445 1020 2486 currumque
1044 2431 1190 2473 referri
1207 2445 1217 2485 ;
1463 2431 1551 2475 495

131 2503 277 2545 Multa
297 2503 329 2545 J
333 2517 455 2545 ovem
478 2508 522 2545 et
543 2502 649 2544 laesi
671 2500 860 2544 testatus
882 2502 1061 2544 foederis
1083 2517 1192 2557 aras,

131 2573 162 2616 J
165 2588 237 2615 am
259 2573 440 2616 tandem
460 2572 630 2615 invadit
654 2572 832 2627 medios,
858 2577 902 2615 et
926 2572 1070 2615 Marto
1094 2573 1282 2615 secundo

453 2641 500 2678 13
