1757 2916
147 141 231 185 160
627 149 858 181 AENmDos
891 149 978 180 Lm.
1014 147 1095 178 vn.

146 261 173 283 “
185 261 350 306 Laetus
368 260 415 303 in
430 274 553 302 arma
569 273 690 316 para,
703 264 748 301 et
766 257 992 314 Phrygios,
1004 255 1082 313 qui
1098 254 1280 297 flumine
1297 252 1478 310 pulchro
1495 251 1584 295 430

147 333 173 353 ‘⁶
195 332 452 387 Consedere,
477 332 611 375 duces
632 331 862 387 pictasque
885 342 1016 370 exure
1038 326 1220 370 carinas.

147 404 173 424 “
190 404 439 447 Coelestum
461 403 527 445 vis
548 416 710 458 magna
727 400 867 457 jubet.
932 399 1032 440 Rex
1054 398 1146 455 ipse
1169 397 1372 452 Latinus,

148 474 174 496 “
194 475 256 517 Ni
278 475 379 517 dare
403 473 655 530 conjugium
678 478 723 514 et
746 471 865 513 dicto
887 483 1037 526 parere
1060 470 1241 524 fatetur,

148 546 175 566 “
195 545 369 589 Sentiat
392 551 435 587 et
460 545 640 586 tandem
665 542 867 584 Turnum
890 539 1143 597 experiatur
1164 539 1211 581 in
1232 539 1403 582 armis.’'

147 616 231 659 Hic
250 615 439 672 juvenis,
464 620 613 657 vatem
635 613 833 666 irridens,
858 611 918 654 sic
942 625 1038 653 orsa
1059 610 1253 655 vicissim
1497 608 1586 652 435

149 687 233 730 Ore
258 687 413 729 refert:
451 686 479 706 “
499 685 668 728 Classes
689 684 884 726 invectas
909 682 1147 738 Thybridis
1169 681 1350 736 undam,

148 757 174 778 ‘⁶
194 757 308 812 Non,
333 762 386 798 ut
410 770 512 812 rere,
536 770 658 797 meas
681 754 836 811 effugit
861 753 1046 796 nuntius
1069 766 1215 795 aures-

148 829 174 849 “
194 828 237 870 N
242 843 264 870 c
288 832 438 870 tantos
460 825 570 868 mihi
591 826 706 883 finge
729 830 921 881 metus-,⁷
936 839 1014 866 nec
1039 823 1157 881 regia
1179 823 1301 866 June

148 899 176 920 ‘⁵
195 900 436 942 Immemor
457 903 524 941 est
546 897 710 952 nostri3
1039 891 1043 896 ’

149 970 176 991 ‘³
197 971 282 1014 Sed
304 975 349 1012 te
371 970 489 1012 victa
512 969 602 1012 situ
622 968 799 1024 verique
821 967 952 1010 effeta
976 972 1192 1022 senectus,
1499 963 1588 1007 440

150 1042 176 1062 ‘⁶
198 1041 234 1085 O
262 1047 418 1097 mater,
442 1041 556 1083 curis
578 1040 881 1096 nequidquam
903 1043 1092 1094 exercet,
1117 1043 1162 1080 et
1185 1051 1308 1080 arma

150 1112 177 1132 ‘⁴
196 1112 371 1169 Regum
392 1111 507 1154 inter
527 1111 640 1153 falsa
661 1115 810 1152 vatem
832 1109 1062 1152 formidine
1084 1108 1212 1152 ludit.

150 1184 178 1204 “
199 1183 315 1226 Cura
337 1183 421 1226 tibi
444 1183 597 1225 divum
620 1181 784 1238 effigies
808 1187 852 1224 et
875 1181 1045 1237 templa
1066 1179 1181 1223 tueri
1201 1193 1212 1234 3

151 1255 178 1275 ⁴‘
204 1255 328 1297 Bella
349 1254 431 1297 viri
453 1267 694 1311 pacemque
717 1257 885 1310 gerant,
911 1255 1008 1308 quis
1030 1251 1146 1294 bella
1166 1251 1394 1308 gerenda.''

151 1326 334 1368 Talibus
357 1326 531 1368 Allecto
554 1324 684 1367 dictis
707 1323 871 1366 exarsit
894 1323 940 1365 in
962 1323 1059 1366 iras.
1499 1318 1588 1364 445

151 1396 214 1439 At
230 1396 385 1452 juveni
407 1395 550 1438 oranti
573 1394 746 1437 subitus
768 1399 931 1436 tremor
952 1399 1138 1450 occupat
1160 1398 1282 1435 artus
1303 1406 1313 1447 ;

152 1467 389 1523 Deriguere
412 1465 553 1510 oculi:
589 1471 656 1508 tot
680 1465 839 1520 Erinys
861 1463 1011 1506 sibilat
1032 1463 1195 1519 hydris,

151 1537 386 1593 Tantaque
409 1552 452 1579 se
474 1536 607 1579 facies
630 1535 784 1592 aperit.
851 1534 970 1577 Tum
991 1534 1198 1577 flammea
1220 1538 1426 1589 torquens

151 1608 355 1664 Lumina,
380 1612 669 1650 cunctantem
692 1612 737 1649 et
759 1611 1044 1662 quaerentem
1066 1605 1208 1648 dicere
1230 1605 1360 1661 plura

153 1678 351 1734 Repulit,
377 1684 421 1721 et
443 1679 637 1736 geminos
660 1678 797 1720 erexit
820 1677 1011 1720 crinibus
1034 1691 1214 1733 angues,
1501 1673 1590 1717 450

152 1748 434 1805 Verberaque
456 1749 666 1804 insonuit,
691 1748 931 1805 rabidoque
951 1748 1060 1798 haec
1082 1747 1255 1791 addidit
1280 1760 1375 1790 ore:

153 1819 178 1839 ‘⁴
200 1820 286 1875 En,
311 1834 390 1876 ego
412 1820 531 1862 victa
553 1819 662 1875 situ,
687 1834 821 1875 quam
842 1819 932 1862 veri
953 1819 1084 1861 effeta
1108 1823 1308 1862 senectus

153 1889 180 1910 ‘⁴
199 1889 340 1932 Arma
362 1891 477 1931 inter
498 1904 652 1945 regum
672 1889 785 1932 falsa
805 1889 1035 1931 formidine
1056 1888 1197 1931 ludit-

154 1960 182 1980 “
201 1960 390 2016 Respice
415 1960 471 2002 ad
492 1959 636 2014 haec·,
659 1960 815 2002 adsum
837 1959 1031 2001 dirarum
1053 1959 1109 2001 ab
1132 1959 1232 2001 sede
1256 1971 1450 2001 sororum
1466 1971 1478 2012 ;

154 2032 180 2052 ‘⁴
203 2032 327 2074 Bella
349 2045 485 2073 manu
505 2031 733 2086 letumque
755 2031 895 2087 gero.'’
1505 2027 1590 2072 455

155 2103 226 2147 Sic
249 2102 397 2158 effata,
420 2102 563 2144 facem
579 2101 731 2158 juveni
753 2101 952 2158 conjecit,
977 2107 1022 2144 ct
1043 2107 1139 2144 atro

154 2173 340 2217 Lumine
362 2173 585 2216 fumantes
607 2173 706 2215 fixit
729 2173 810 2216 sub
833 2178 1007 2229 pectore
1030 2173 1194 2216 taedas.

155 2245 244 2289 Olli
267 2259 471 2288 somnum
492 2243 646 2301 ingens
669 2244 835 2301 rumpit
858 2259 1010 2301 pavor,
1035 2259 1218 2301 ossaque
1241 2248 1286 2287 ct
1309 2249 1433 2287 artus

159 2316 390 2358 Perfundit
414 2321 507 2358 toto
530 2320 766 2372 proruptus
788 2330 962 2372 corpore
987 2317 1129 2360 sudor.

155 2387 295 2430 Arma
318 2401 468 2429 amens
491 2386 652 2442 fremit,
677 2400 797 2428 arma
819 2391 910 2428 toro
934 2387 1148 2442 tectisque
1172 2386 1366 2443 requirit.
1503 2386 1592 2430 460

158 2459 310 2502 Saevit
332 2473 455 2500 amor
475 2457 588 2513 ferri,
614 2463 658 2500 et
682 2457 892 2500 scelerata
915 2458 1087 2501 insania
1108 2458 1226 2514 belli,

159 2530 230 2573 Ira
252 2544 380 2587 super
400 2543 409 2573 :
445 2543 604 2586 magno
626 2529 767 2571 veluti
790 2544 927 2584 quum
952 2530 1132 2572 flamma
1155 2544 1303 2572 sonore

163 2599 320 2659 Virgea
343 2600 592 2658 suggeritur
614 2600 744 2643 costis
767 2601 978 2642 undantis
1001 2601 1146 2656 aheni,
