1757 2916
194 139 283 184 262
316 148 331 169 ’κ
694 155 923 185 AENmnos
955 155 1042 187 Lm.
1081 156 1141 186 xx.

197 260 340 305 Obvia
362 261 446 318 cui,
472 261 728 307 Volscorum
751 263 843 306 acie
865 263 1118 319 eomitante,
1145 264 1336 309 Camilla

197 332 428 388 Occurrit3
462 334 685 390 portisque
709 335 764 376 ab
789 349 900 390 equo
925 335 1073 391 regina
1096 337 1177 379 sub
1199 337 1306 394 ipsis

195 403 400 460 Desiluit,
426 420 558 461 quam
582 411 676 448 tota
700 406 848 448 cohors
871 405 1051 448 imitata
1074 408 1235 450 relictis
1539 407 1628 451 500

194 475 267 517 Ad
292 481 452 518 terram
475 476 661 519 defluxit
684 477 806 532 equis
823 490 833 530 3
868 482 967 519 tum
989 478 1099 520 talia
1121 478 1263 521 fatur:

196 545 222 566 “
244 547 404 602 Turne,
431 548 495 590 sui
522 548 677 590 merito
701 547 736 590 si
758 562 845 603 qua
869 553 935 590 est
958 549 1123 592 fiducia
1145 550 1263 605 forti,

196 617 222 637 ‘⁶
243 618 397 660 Audeo
422 624 465 661 et
490 618 751 661 Aeneadum
772 620 984 676 promitto
1005 635 1221 663 occurrere
1244 626 1433 676 turmae,

194 687 221 708 ‘⁴
243 689 427 744 Solaque
452 689 695 745 Tyrrhenos
718 690 885 746 equites
907 691 967 734 ire
990 692 1117 734 obvia
1140 696 1302 734 contra.

194 760 221 780 ‘⁶
242 760 314 802 Me
337 760 428 802 sine
451 761 593 817 prima
615 776 751 804 manu
773 767 945 805 tentare
968 763 1162 819 pericula
1184 763 1287 805 belli
1308 777 1320 817 3
1536 763 1626 807 505

195 831 222 852 “
244 832 315 874 Tu
337 833 471 888 pedes
493 833 549 876 ad
571 848 719 877 muros
742 835 929 878 subsiste
952 840 997 878 et
1020 835 1192 878 moenia
1216 835 1382 878 serva.”

193 903 370 946 Turnus
393 905 450 947 ad
472 904 593 961 haec,
619 906 763 949 oculos
785 907 998 949 horrenda
1020 907 1067 949 in
1088 907 1255 964 virgine
1276 907 1420 949 fixus:

195 975 222 995 ‘⁴
242 975 278 1018 O
302 976 433 1018 decus
456 976 628 1033 Italiae,
647 977 778 1034 virgo,
805 993 913 1034 quas
936 978 1077 1021 dicere
1101 983 1249 1035 grates

194 1045 220 1066 ‘⁵
239 1046 411 1099 Quasve
434 1043 593 1089 referre*
607 1062 758 1104 parem
778 1050 799 1091 P
837 1049 923 1092 Sed
944 1064 1076 1104 nunc,
1101 1054 1168 1092 est
1190 1048 1337 1092 omnia
1360 1047 1540 1104 quando

194 1117 222 1137 “
240 1117 333 1159 Iste
357 1118 528 1160 animus
551 1133 695 1174 supra,
719 1133 892 1161 mecum
916 1120 1078 1175 partire
1099 1120 1304 1162 laborem.
1537 1118 1626 1162 510

194 1187 221 1208 ‘⁴
236 1188 421 1243 Aeneas,
444 1194 497 1232 ut
517 1189 637 1232 fama
657 1189 790 1232 fidem
811 1190 1018 1246 missique
1040 1195 1264 1247 reportant

195 1257 222 1278 “
240 1259 564 1316 Exploratores,
589 1260 792 1316 equitum
808 1261 922 1304 levia
943 1262 1167 1318 improbus
1190 1275 1312 1303 arma

194 1329 222 1349 ‘⁶
241 1329 489 1386 Praemisit,
514 1336 747 1386 quaterent
770 1346 947 1388 campos
966 1345 978 1386 3
1012 1332 1107 1388 ipse
1130 1332 1269 1374 ardua
1290 1330 1453 1374 montis

195 1399 222 1420 “
241 1400 327 1442 Per
348 1401 520 1442 deserta
536 1399 644 1456 jugo
667 1415 874 1457 superans
897 1402 1110 1444 adventat
1134 1402 1191 1444 ad
1213 1402 1381 1445 urbem.

195 1469 220 1489 ‘⁵'
239 1469 381 1512 Furta
403 1484 509 1526 paro
530 1470 634 1513 belli
648 1485 847 1514 convexo
868 1470 915 1513 in
937 1471 1118 1514 tramite
1141 1471 1292 1527 silvae,
1538 1471 1626 1514 515

193 1539 220 1560 “
242 1540 310 1583 Ut
332 1539 471 1583 bivias
495 1547 665 1584 armato
687 1542 884 1585 obsidam
906 1543 1049 1585 milite
1073 1543 1232 1587 fauces.

193 1610 220 1630 “
245 1609 315 1653 Tu
340 1610 613 1666 Tyrrhenum
638 1612 832 1669 equitem
854 1613 1024 1656 collatis
1047 1613 1199 1670 excipe
1223 1612 1369 1670 signis.

194 1683 220 1702 ‘³
241 1682 407 1725 Tecum
429 1698 528 1726 acer
551 1683 778 1741 Messapus
801 1685 898 1740 erit,
922 1691 1184 1742 turmaeque
1205 1684 1393 1727 Latinae

194 1753 221 1774 “
243 1753 506 1810 Tiburtique
528 1770 713 1809 manus;
748 1756 873 1799 dueis
896 1761 940 1799 et
963 1762 1016 1799 tu
1038 1756 1217 1813 concipe
1239 1755 1433 1799 curam.'’

194 1824 264 1867 Sic
288 1825 365 1877 ait,
391 1830 435 1867 et
457 1826 635 1881 paribus
659 1826 915 1883 Messapum
936 1826 984 1869 in
1005 1827 1167 1883 proelia
1189 1826 1322 1870 dictis
1537 1825 1626 1868 520

192 1895 414 1938 Hortatur
435 1896 655 1952 sociosque
678 1897 824 1952 duces,
850 1902 894 1939 ct
916 1897 1058 1954 pergit
1083 1897 1128 1939 in
1149 1898 1336 1940 hostem.

193 1965 276 2008 Est
299 1981 429 2008 curvo
451 1966 652 2009 anfractu
674 1967 825 2022 valles,
851 1969 1135 2010 accommoda
1156 1968 1302 2011 fraudi

193 2036 515 2093 Armorumque
538 2038 660 2093 dolis,
686 2052 819 2094 quam
842 2039 987 2082 densis
1010 2040 1234 2082 frondibus
1256 2048 1404 2082 atrum

194 2107 367 2164 Urguct
389 2108 611 2164 utrimque
634 2108 768 2163 latus,
788 2110 936 2153 tenuis
958 2124 1043 2166 quo
1066 2110 1224 2153 semita
1245 2110 1382 2165 ducit,

192 2178 508 2234 Angustaeque
529 2180 677 2222 ferunt
698 2180 847 2222 fauces
869 2181 1101 2237 aditusque
1122 2180 1307 2237 maligni
1323 2195 1334 2236 3
1536 2180 1623 2224 525

194 2249 321 2292 Hane
345 2265 474 2306 super
495 2251 541 2293 in
564 2251 750 2307 speculis
774 2266 1030 2308 summoque
1054 2253 1099 2295 in
1123 2253 1284 2296 vertice
1307 2251 1473 2295 mont-is

192 2320 406 2365 Planities
429 2322 581 2379 ignota
597 2322 730 2380 jacet,
756 2324 931 2379 tutique
955 2339 1161 2380 recessus,

194 2392 280 2434 Seu
302 2393 459 2435 dextra
481 2394 690 2450 laevaque
714 2394 818 2436 velis
841 2408 1057 2438 occurrere
1079 2408 1270 2452 pugnae,

193 2462 291 2505 Sive
314 2463 475 2506 instare
491 2463 613 2521 jugis
635 2469 681 2507 et
703 2464 887 2522 grandia
909 2465 1076 2508 volvere
1099 2479 1220 2508 saxa.

192 2532 293 2576 Huc
310 2533 484 2589 juvenis
505 2540 611 2578 nota
631 2534 769 2578 fertur
790 2535 961 2592 regione
983 2536 1170 2591 viarum,
1198 2548 1202 2553 ·
1536 2533 1623 2577 530

193 2604 482 2662 Arripuitquc
504 2606 650 2650 locum
672 2612 717 2650 et
741 2607 859 2650 silvis
884 2607 1044 2651 insedit
1067 2606 1242 2664 iniquis.
