1731 2923
556 150 789 183 AENEIDos
822 151 907 181 Lm.
946 151 974 181 1.
1422 139 1476 181 19

42 265 70 288 “
85 263 266 310 Oenotri
287 263 457 307 coluere
480 260 560 303 viri
576 275 588 316 3
622 275 739 303 nunc
761 258 897 314 sama,
922 258 1109 301 minores

47 335 74 357 ‘⁶
90 335 271 378 Italiam
293 334 453 377 dixisse
475 331 600 375 ducis
623 332 677 374 de
698 331 873 374 nomine
896 335 1114 387 gentem—2

46 407 74 428 ‘⁴
91 406 178 449 Hic
201 421 352 449 cursus
373 405 475 460 fuit,

43 478 70 499 ‘⁶
87 478 237 532 Quum
259 476 406 520 subito
428 490 661 532 assurgens
683 474 826 517 fluctu
846 473 1075 516 nimbosus
1102 472 1237 516 Orion
1392 473 1478 515 535

42 550 69 571 ‘⁴
85 551 141 592 In
164 551 277 592 vada
299 563 428 591 caeca
451 547 572 603 tulit,
597 546 863 603 penitusque
886 544 1145 602 procacibus
1168 543 1345 586 Austris

21 621 68 642 ·“
88 621 261 677 Perque
283 620 440 676 undas,
467 624 703 675 superante
728 618 831 672 salo,
856 630 1019 673 perque
1041 616 1160 658 invia
1183 630 1289 658 saxa

43 691 70 712 ‘⁴
90 691 294 748 Dispulit
314 705 324 734 :
358 690 446 732 huc
470 689 602 745 pauci
623 688 778 731 vestris
801 687 1064 730 annavimus
1086 687 1181 730 oris.
1298 684 1482 741 [morem

45 762 217 816 “Quod
239 776 377 819 genus
408 761 488 803 hoc
521 759 788 803 hominum?
822 773 989 815 quaeve
1022 758 1138 801 hunc
1172 763 1267 800 tam
1297 757 1483 799 barbara

45 833 72 854 ‘⁶
92 833 322 876 Permittit
343 831 487 889 patria
500 832 520 873 Cl
555 830 759 887 Hospitio
781 830 1064 886 prohibemur
1086 844 1240 872 arenae
1256 843 1266 883 ;
1393 828 1482 872 540

46 904 73 925 ‘⁶
91 904 218 947 Bella
240 903 373 958 cient,
397 902 626 958 primaque
649 906 804 943 vetant
829 902 1061 943 consistere
1084 904 1225 944 terra!

46 974 74 996 “
95 975 142 1019 Si
163 988 301 1032 genus
322 972 572 1015 humanum
593 977 638 1013 et
656 971 861 1013 mortalia
883 971 1081 1013 temnitis
1102 985 1237 1029 arma,
1347 980 1361 996 ⁸

46 1046 76 1068 ‘⁶
94 1046 160 1090 At
182 1050 354 1103 sperate
377 1045 479 1087 deos
501 1057 712 1086 memores
735 1041 860 1085 fandi
881 1047 1017 1098 atque
1041 1041 1252 1097 nefandi<

47 1117 75 1139 “
90 1117 189 1160 Rex
210 1122 303 1160 erat
325 1116 502 1159 Aeneas
519 1115 658 1170 nobis,
683 1128 770 1171 quo
786 1113 946 1171 justior
967 1113 1090 1168 alter,

48 1189 76 1210 ‘⁴
90 1189 185 1232 Nec
201 1189 368 1246 pietate
389 1186 478 1230 fuit
495 1201 576 1230 nec
598 1187 713 1230 bello
733 1185 872 1243 major
887 1190 931 1228 et
954 1184 1089 1228 armis
1108 1199 1118 1229 ε
1396 1183 1484 1228 545

48 1259 76 1282 ‘⁴
92 1260 235 1315 Quem
256 1259 292 1302 si
312 1259 407 1302 fata
427 1259 573 1301 virum
595 1262 783 1313 servant,
809 1257 844 1300 si
866 1257 1057 1300 vescitur
1078 1270 1185 1298 aura

49 1330 305 1374 “Aetheria
326 1344 468 1387 neque
490 1330 634 1373 adhuc
657 1329 909 1372 crudelibus
932 1328 1119 1371 occubat
1143 1326 1338 1380 umbris3

49 1402 77 1425 ‘⁶
91 1402 194 1446 Non
215 1407 376 1458 metus,
400 1401 541 1445 officio
558 1415 637 1444 nec
660 1406 705 1443 te
728 1405 916 1443 certasse
930 1399 1121 1456 priorem

50 1475 80 1496 “
97 1474 341 1518 Poeniteat.
409 1473 525 1518 Sunt
547 1477 592 1516 et
613 1472 770 1516 Siculis
793 1471 1042 1528 regionibus
1064 1469 1193 1512 urbes

51 1546 80 1569 “
97 1547 321 1603 Arvaque,
347 1545 622 1601 Trojanoque
645 1559 671 1586 a
689 1542 903 1599 sanguine
921 1542 1064 1594 clarus
1087 1540 1282 1583 Acestes.
1398 1539 1486 1582 550

52 1616 80 1638 “
99 1618 368 1672 Quassatam
391 1615 534 1658 ventis
555 1615 686 1657 liceat
711 1614 950 1656 subducere
974 1612 1171 1666 classem,

22 1696 24 1698 “
53 1689 81 1710 “
97 1689 160 1732 Et
183 1688 303 1731 silvis
325 1692 478 1744 aptare
500 1685 645 1728 trabes
667 1690 712 1727 et
736 1684 946 1741 stringere
969 1696 1133 1726 remos:

54 1760 82 1782 “
100 1760 147 1805 Si
168 1761 301 1804 datur
321 1758 507 1802 Italiam
528 1756 654 1800 sociis
676 1761 720 1798 et
744 1770 841 1811 rege
863 1759 1037 1811 recepto

54 1831 83 1852 ‘⁶
105 1831 317 1885 Tendere,
342 1835 396 1872 ut
419 1827 603 1871 Italiam
623 1826 733 1870 laeti
754 1825 1028 1880 Latiumque
1050 1828 1254 1880 petamus
1275 1835 1286 1876 ;

55 1901 83 1923 “
103 1901 181 1946 Sin
202 1901 408 1943 absumta
432 1899 564 1954 salus,
588 1902 633 1940 et
655 1902 715 1953 te,
738 1902 867 1954 pater
889 1895 1054 1952 optime
1079 1893 1316 1947 Teucrum,
1401 1893 1490 1936 555

56 1973 84 1995 ‘⁶
102 1974 275 2016 Pontus
296 1972 432 2015 habet
453 1970 632 2026 Libyae,
657 1983 738 2011 nec
760 1983 857 2025 spes
874 1967 970 2024 jam
994 1970 1133 2009 restat
1155 1964 1260 2020 Iuli,

58 2044 165 2087 “At
186 2043 299 2086 freta
324 2041 522 2086 Sicaniae
541 2041 698 2084 saltem
717 2040 924 2095 sedesque
947 2041 1141 2094 paratas,

59 2117 86 2138 ‘⁶
106 2115 238 2159 Unde
262 2115 349 2157 huc
372 2112 560 2168 advecti,
584 2125 819 2168 regemque
842 2114 1050 2166 petamus
1075 2107 1309 2149 Acesten.⁷''

60 2187 242 2229 Talibus
265 2185 458 2227 Ilioneus
481 2198 493 2239 3
528 2182 679 2226 cuncti
697 2181 830 2225 simul
851 2194 921 2223 ore
943 2179 1190 2221 fremebant
1393 2214 1398 2218 .

61 2256 355 2301 Dardanidae.
1407 2246 1495 2290 560

62 2328 181 2370 Tum
201 2326 390 2370 breviter
412 2325 542 2379 Dido,
566 2324 744 2366 vultum
765 2320 968 2376 demissa,
992 2317 1215 2375 profatur:
1233 2366 1239 2371 ‚

65 2398 91 2420 ‘⁶
109 2398 273 2443 Solvite
297 2397 423 2440 corde
445 2400 630 2450 metum,
657 2392 830 2447 Teucri,
857 2389 1070 2434 secludite
1094 2403 1231 2431 curas.

64 2470 92 2493 ‘⁴
110 2471 198 2514 Res
220 2471 331 2513 dura
348 2475 392 2512 et
410 2468 533 2525 regni
553 2466 726 2510 novitas
747 2479 817 2506 me
839 2463 948 2506 talia
971 2466 1135 2519 cogunt

65 2543 93 2565 “
109 2543 256 2586 Moliri
277 2547 324 2586 et
345 2542 436 2585 late
457 2541 566 2584 fines
589 2537 773 2582 custode
794 2535 923 2579 tueri.
1141 2530 1147 2535 ’

66 2615 94 2637 “
111 2615 219 2671 Quis
240 2628 378 2672 genus
400 2612 676 2666 Aeneadum,
700 2608 799 2666 quis
823 2605 980 2664 Trojae
1001 2603 1169 2648 nesciat
1192 2603 1346 2646 urbem
1409 2603 1497 2647 565
