1741 2902
583 113 814 144 AENEIDos
845 114 932 146 LIB.
968 113 1011 145 x.
1416 105 1504 148 ‘239

78 221 107 244 “
127 221 418 279 Omnipotens
438 221 621 279 genitor,
645 222 818 265 tanton'
839 236 909 264 me
931 221 1113 265 crimine
1136 222 1319 278 dignum

77 291 106 315 ‘⁴
121 293 319 349 Duxisti,
345 298 389 336 et
411 293 522 335 tales
544 292 723 335 voluisti
744 293 983 349 expendere
1006 307 1166 349 poenas
1181 294 1202 336 P

77 363 105 385 “
119 364 214 417 Quo
224 364 334 407 feror
347 365 369 408 ?
390 364 506 406 unde
523 363 647 407 abii?
668 378 778 420 quae
790 379 857 406 me
871 364 992 420 fuga,
1005 379 1189 420 quemve
1202 365 1367 408 reducit
1383 367 1404 409 P
1420 364 1506 409 670

78 434 104 454 ‘⁴
122 435 418 477 Laurentesne
441 434 603 477 iterum
626 449 774 477 muros
796 440 874 477 aut
897 442 1039 477 castra
1061 435 1215 478 videbo
1234 437 1254 478 Ρ

77 505 104 526 “
125 506 240 558 Quid
262 520 418 548 manus
439 505 515 547 illa
538 505 694 560 virum,
719 506 795 561 qui
818 520 886 548 me
910 521 1094 561 meaque
1118 521 1239 548 arma
1263 507 1417 559 secuti,

76 575 104 596 ‘³
126 576 329 632 Quosque
344 602 362 608 —
378 576 528 618 nefas-
544 590 691 618 omnes
714 577 894 619 infanda
916 577 961 619 in
984 583 1123 619 morte
1147 570 1313 633 reliqui,

78 646 105 666 ‘⁶'
121 647 185 688 Et
208 661 323 689 nunc
347 647 547 702 palantes
570 646 707 702 video,
732 647 1032 703 gemitumque
1056 648 1295 690 cadentum

76 718 103 738 ‘⁴
122 716 306 773 Accipio
321 718 341 759 Ρ
379 716 495 770 Quid
517 732 611 774 ago,
630 723 708 760 aut
732 731 842 773 quae
859 717 953 773 jam
970 718 1074 760 satis
1092 718 1179 759 ima
1196 718 1391 761 dehiscat
1418 717 1503 763 675

77 783 103 805 ‘⁴
124 786 256 829 Terra
278 787 387 830 mihi
406 789 427 831 P
494 787 584 833 Vos
607 804 630 831 o
652 789 799 845 potius
820 789 1099 844 miserescite,
1123 789 1268 834 venti!

77 856 105 877 “
123 856 178 899 In
200 872 339 914 rupes,
363 858 408 900 in
432 859 726 902 saxa-volens
746 875 822 902 vos
846 860 1022 903 Turnus
1044 861 1204 903 adoro-

76 927 255 970 “Ferte
278 933 432 983 ratem,
457 928 680 984 saevisque
702 929 825 972 vadis
847 929 1078 971 immittite
1104 930 1255 985 Syrtis,

75 997 103 1018 ‘⁶
123 998 218 1051 Quo
239 1012 382 1054 neque
405 1013 474 1040 me
497 997 671 1053 Rutuli,
696 1013 775 1041 nec
799 999 970 1041 conscia
991 999 1110 1041 fama
1133 1002 1383 1055 sequatur.''

73 1067 195 1110 Haec
218 1082 478 1123 memorans,
503 1068 649 1112 animo
671 1084 788 1112 nunc
810 1070 897 1112 huc
922 1084 1038 1112 nunc
1062 1069 1251 1112 fluctuat
1272 1070 1390 1126 illuc,
1417 1072 1504 1114 680

73 1138 147 1180 An
171 1153 261 1181 sese
284 1153 490 1182 mucrone
512 1140 566 1182 ob
589 1145 769 1182 tantum
792 1140 979 1182 dedecus
1002 1154 1150 1183 amens

76 1209 257 1265 Induat,
283 1215 328 1252 et
352 1210 537 1252 crudum
560 1225 636 1267 per
658 1216 798 1253 costas
821 1211 970 1268 exigat
994 1225 1140 1253 ensem
1161 1225 1170 1264 ;

74 1281 309 1323 Fluctibus
331 1296 387 1323 an
404 1280 543 1336 jaciat
565 1282 734 1336 mediis,
759 1287 802 1324 et
824 1282 954 1324 litora
978 1283 1122 1324 nando

74 1351 218 1394 Curva
240 1357 380 1407 petat,
407 1351 712 1407 Teucrumque
735 1352 897 1394 iterum
919 1366 962 1395 se
985 1353 1139 1395 reddat
1162 1352 1209 1395 in
1229 1368 1363 1397 arma.

74 1422 161 1464 Ter
183 1428 366 1465 conatus
388 1428 621 1479 utramque
644 1423 762 1465 viam
778 1424 794 1467 τ’
823 1426 892 1466 ter
913 1425 1107 1466 maxima
1130 1425 1161 1467 J
1165 1440 1251 1467 uno
1415 1426 1501 1469 685

74 1492 319 1546 Continuit,
338 1492 632 1548 juvenemque
656 1493 802 1535 animo
823 1493 1029 1536 miserata
1051 1495 1265 1550 repressit.

72 1561 260 1605 Labitur
282 1563 374 1604 alta
395 1577 544 1605 secans
566 1563 794 1618 fluctuque
816 1569 1027 1619 aestuque
1052 1567 1258 1621 secundo,

71 1633 134 1675 Et
156 1632 294 1688 patris
316 1632 549 1688 antiquam
572 1633 723 1676 Dauni
744 1633 940 1677 defertur
961 1635 1019 1677 ad
1039 1636 1205 1678 urbem.

161 1703 226 1744 At
249 1703 372 1745 Jovis
394 1703 560 1746 interea
581 1704 760 1746 monitis
784 1704 1031 1748 Mezentius
1054 1707 1210 1749 ardens

74 1773 277 1817 Succedit
299 1788 487 1829 pugnae,
515 1773 789 1830 Teucrosque
811 1775 981 1818 invadit
1003 1783 1196 1821 ovantes.
1412 1780 1501 1822 690

72 1844 350 1887 Concurrunt
375 1843 625 1899 Tyrrhenae
648 1845 772 1900 acies,
797 1850 931 1901 atque
954 1847 1154 1891 omnibus
1174 1848 1269 1904 uni,

72 1913 165 1957 Uni
188 1913 382 1969 odiisque
403 1914 492 1957 viro
515 1914 700 1971 telisque
720 1915 1021 1971 frequentibus
1043 1917 1228 1962 instant.

72 1985 330 2040 Ille,-velut
353 1999 497 2041 rupes,
521 1991 698 2028 vastum
721 2000 832 2042 quae
854 1987 999 2043 prodit
1022 1988 1069 2030 in
1091 2003 1252 2045 aequor

74 2054 218 2098 Obvia
240 2060 471 2097 ventorum
490 2055 614 2098 furiis
638 2061 905 2113 expostaque
927 2063 1075 2114 ponto,

72 2125 178 2167 Vim
199 2130 407 2167 cunctam
429 2130 561 2181 atque
583 2126 724 2169 minas
746 2128 907 2183 perfert
930 2128 1121 2185 coelique
1142 2129 1377 2186 marisque,
1412 2132 1498 2175 695

72 2192 178 2252 Ipsa
199 2195 383 2237 immota
404 2196 807 2252 manens,-prolem
831 2197 1124 2253 Dolichaonis,
1149 2199 1362 2253 Hebrum,

73 2266 239 2310 Sternit
261 2265 400 2321 humi,
426 2280 529 2307 cum
551 2280 636 2321 quo
658 2266 883 2323 Latagum
905 2268 1454 2325 Palmumquefugaeem-

73 2338 157 2380 Sed
179 2337 401 2392 Latagum
424 2350 526 2378 saxo
549 2342 681 2391 atque
704 2337 874 2393 ingenti
894 2337 1104 2394 fragmine
1126 2339 1288 2381 montis

72 2407 270 2463 Occupat
293 2421 338 2448 os
360 2405 603 2461 faciemque
627 2407 868 2462 adversam,
892 2408 1057 2463 poplite
1081 2409 1288 2450 Palmum

74 2477 248 2520 Succiso
270 2475 385 2518 volvi
407 2489 583 2532 segnem
606 2476 726 2532 sinit,
751 2491 958 2533 armaque
980 2477 1125 2521 Lauso
1408 2478 1435 2524 '7
1438 2481 1496 2523 00

75 2546 223 2590 Donat
245 2545 402 2588 habere
424 2545 616 2589 humeris
639 2551 682 2589 ct
700 2546 861 2589 vertice
881 2547 1012 2605 figere
1034 2549 1185 2592 cristas
1201 2576 1241 2604 -,
