1731 2923
569 144 799 175 AENEIDos
831 145 919 175 Lm.
957 144 1033 175 vn.
1431 134 1518 176 163

91 253 308 297 Natorum
332 253 512 310 Tyrrhei
532 253 676 296 fuerat
698 253 776 309 qui
797 253 1031 307 maximus,
1051 252 1184 295 Almo

93 324 316 367 Sternitur
334 338 344 368 :
379 324 522 368 haesit
544 324 662 366 enim
684 324 765 366 sub
786 329 968 382 gutture
990 324 1164 379 vulnus,
1190 328 1234 366 et
1257 324 1370 366 udae

91 394 222 438 Vocis
244 396 327 438 iter
348 401 614 451 tenuemque
638 395 816 438 inclusit
840 395 1050 452 sanguine
1073 396 1224 439 vitam.

91 465 281 522 Corpora
303 467 447 509 multa
469 466 614 508 virum
637 466 763 521 eirea,
788 466 1014 521 seniorque
1039 465 1266 522 Galaesus,
1432 468 1488 509 553

89 538 213 580 Dum
235 538 334 594 paci
355 538 549 581 medium
572 553 615 581 se
638 537 776 593 offert,
795 538 1065 593 justissimus
1088 553 1202 581 unus

90 609 176 662 Qui
197 609 284 651 fuit
307 608 599 665 Ausoniisque
623 609 728 651 olim
750 609 994 651 ditissimus
1018 609 1130 652 arvis
1149 624 1158 652 t

90 680 293 736 Quinque
315 695 464 737 greges
486 680 553 723 illi
573 680 818 738 balantum,
843 680 977 736 quina
1000 681 1201 723 redibant

88 751 321 807 Armenta,
345 757 390 794 et
412 756 575 793 terram
598 756 778 793 eentum
800 752 1000 794 vertebat
1023 751 1188 794 aratris.

179 822 334 878 Atque
356 837 407 865 ea
429 837 506 879 per
526 837 702 878 campos
725 836 864 878 aequo
887 823 995 864 dum
1019 822 1163 865 Marte
1186 828 1408 880 geruntur,
1434 822 1522 866 540

88 893 296 936 Promissi
317 894 398 936 dea
419 894 540 935 faeta
561 898 730 948 potens,
754 893 832 934 ubi
853 893 1063 949 sanguine
1085 893 1252 935 bellum

88 965 258 1007 Imbuit
283 969 327 1006 et
350 963 518 1020 primae
540 963 761 1006 commisit
782 963 936 1005 funera
957 978 1145 1019 pugnae,

89 1036 265 1078 Deserit
289 1034 565 1091 Hesperiam,
591 1040 648 1089 et,
674 1034 782 1076 coeli
804 1049 1006 1088 conversa
1028 1049 1104 1091 per
1127 1049 1267 1090 auras,

88 1107 312 1150 Junonem
333 1107 494 1149 victrix
515 1106 679 1148 affatur
700 1120 802 1148 voce
825 1106 1037 1162 superba:

89 1177 115 1197 ⁴⁴
134 1177 206 1220 En
227 1177 423 1234 perfecta
445 1177 530 1219 tibi
550 1177 665 1219 bello
687 1177 900 1219 discordia
921 1176 1063 1221 tristi!
1433 1176 1520 1221 545

90 1248 116 1270 ‘⁴
136 1249 234 1304 Die,
257 1249 303 1291 in
325 1248 569 1291 amicitiam
591 1253 751 1291 coeant
775 1253 820 1290 et
842 1248 1014 1291 foedera
1031 1248 1225 1305 jungant
1248 1252 1257 1293 Ξ

90 1318 118 1339 “
138 1318 503 1375 Quandoquidem
525 1318 722 1361 Ausonio
744 1318 928 1375 respersi
950 1319 1159 1375 sanguine
1184 1319 1387 1374 Teucros,

91 1389 120 1411 “
140 1390 235 1432 Hoc
259 1390 394 1432 etiam
417 1389 483 1432 his
506 1390 681 1444 addam,
705 1394 786 1432 tua
808 1389 844 1432 si
866 1388 976 1432 mihi
998 1395 1116 1432 certa
1138 1390 1368 1435 voluntas:

91 1460 118 1482 ‘⁶
135 1461 373 1509 Finitimas
394 1461 440 1502 in
461 1461 576 1503 bella
598 1461 733 1502 feram
756 1461 999 1503 rumoribus
1022 1462 1164 1517 urbes,

91 1532 118 1553 ‘⁶
136 1533 477 1588 Accendamque
500 1532 666 1574 animos
688 1532 832 1574 insani
854 1532 1011 1574 Martis
1033 1547 1190 1586 amore,
1435 1533 1523 1577 550

91 1602 118 1624 ‘⁶
140 1603 348 1659 Undique
371 1608 422 1645 ut
446 1602 610 1644 auxilio
632 1602 811 1644 veniant
828 1616 838 1656 3
874 1617 1078 1659 spargam
1101 1618 1223 1645 arma
1246 1619 1324 1660 per
1345 1605 1508 1660 agros.''

91 1674 208 1716 Tum
231 1679 382 1716 contra
403 1673 525 1716 Juno
545 1687 554 1716 :
592 1672 619 1693 ‘⁴
640 1673 871 1715 Terror-um
892 1679 936 1715 et
958 1674 1123 1717 fraudis
1146 1674 1320 1717 abunde
1343 1681 1421 1718 est.

92 1746 118 1766 ‘⁴
139 1746 273 1789 Stant
294 1744 400 1787 belli
422 1758 578 1786 causae
599 1757 610 1798 ;
645 1749 871 1800 pugnatur
892 1745 1136 1787 comminus
1160 1745 1290 1787 armis
1310 1759 1321 1799 ;

92 1817 119 1838 ‘⁶
139 1818 258 1871 Quae
281 1817 368 1860 fors
389 1815 531 1873 prima
552 1815 687 1870 dedit,
713 1815 891 1872 sanguis
913 1830 1050 1858 novus
1072 1816 1234 1859 imbuit
1257 1830 1387 1859 arma.

92 1887 119 1909 ‘⁶
141 1888 268 1930 Talia
291 1886 493 1943 conjugia
515 1892 560 1928 et
581 1885 696 1928 tales
719 1886 937 1929 eelebrent
959 1885 1221 1941 hymenaeos
1435 1888 1523 1931 555

93 1959 118 1980 “
138 1958 382 2016 Egregium
403 1957 586 2000 Veneris
609 1972 747 2014 genus
768 1962 813 2000 et
837 1971 912 1999 rex
932 1956 1026 2014 ipse
1048 1956 1250 2001 Latinus.

93 2029 120 2051 “
138 2029 200 2072 Te
224 2044 354 2086 super
375 2028 592 2072 aetherias
614 2043 750 2071 errare
771 2028 977 2071 licentius
999 2043 1141 2084 auras,

93 2099 119 2120 ‘⁶
139 2100 275 2142 Haud
298 2104 426 2155 pater
446 2099 519 2141 ille
540 2099 663 2154 velit,
688 2099 850 2142 summi
871 2103 1075 2155 regnator
1101 2097 1310 2155 Olympi·-

93 2170 252 2213 “Cede
274 2170 389 2213 loeis.
452 2170 562 2226 Ego,
587 2170 623 2212 si
645 2184 731 2225 qua
754 2184 885 2226 super
904 2171 1081 2213 fortuna
1101 2171 1299 2213 laborum
1322 2175 1403 2226 est,

94 2241 121 2262 ‘⁴
140 2241 244 2298 Ipsa
268 2242 455 2298 regam.”
520 2240 650 2283 Tales
672 2241 863 2303 dederat¹
876 2241 1083 2284 Saturnia
1104 2255 1229 2284 voees
1250 2255 1261 2295 3
1438 2241 1525 2285 560

94 2312 177 2355 Illa
199 2318 349 2355 autem
371 2312 538 2354 attollit
561 2312 796 2354 stridentes
818 2312 1035 2367 anguibus
1058 2312 1163 2367 alas,

95 2384 335 2440 Cocytique
359 2383 472 2439 petit
496 2383 657 2438 sedem,
682 2396 839 2438 supera
860 2382 996 2424 ardua
1017 2382 1230 2438 linquens.

94 2455 178 2498 Est
200 2455 322 2498 locus
344 2454 503 2497 Italiae
526 2453 668 2496 medio
692 2454 772 2496 sub
794 2453 1019 2495 montibus
1041 2452 1160 2509 altis,

63 2566 66 2570 .
96 2525 268 2568 Nobilis
291 2531 336 2567 et
357 2524 478 2567 fama
498 2523 653 2567 multis
677 2528 942 2566 memoratus
964 2523 1011 2565 in
1033 2523 1129 2579 eris,

97 2595 332 2640 Amsancti
353 2596 492 2638 valles
509 2610 520 2650 3
554 2595 697 2651 densis
719 2595 836 2638 hunc
859 2593 1084 2638 frondibus
1108 2599 1255 2637 atrum
1438 2595 1525 2639 565

1494 468 1520 510 CI
