1757 2916
201 119 291 164 218
677 131 908 162 AENEIDos
940 132 1026 163 LIB.
1061 131 1125 162 1x.

201 239 408 295 Demisit‚
434 254 667 298 germanae
688 240 809 288 haud.
832 239 1015 293 mollia
998 253 1123 296 Jussa
1144 238 1373 295 ferentem,

199 314 260 357 Ni
285 315 464 357 Turnus
482 315 609 357 cedat
634 314 901 356 Teucrorum
923 313 1152 356 moenibus
1175 313 1289 357 altis.

200 372 316 443 Ergo
339 401 417 429 nee
441 385 615 442 clipeo'
598 401 677 441 jux
681 385 772 427 enis
796 384 1029 427 subsiste1e
1053 390 1248 440 tantum,

199 458 291 500 Nec
316 458 471 500 dextla
494 472 520 498 v
524 457 641 499 alet:
677 455 850 511 injectis
874 455 933 497 sic
957 455 1151 510 undique
1175 420 1274 498 telis

200 529 423 573 Obruitur.
491 527 660 583 Strepit
684 527 857 569 assiduo
880 540 988 568 cava
1011 531 1211 582 tempora
1234 527 1398 569 circum

200 600 388 643 Tinnitu
411 600 547 656 galea,
573 604 617 640 et
642 598 758 640 saxis
782 597 919 639 solida
942 612 1041 639 aera
1063 597 1292 653 fatiscunt,

200 671 521 726 Discussaeque
539 670 674 725 jubae
698 668 851 726 capiti,
877 683 956 710 nec
981 668 1147 711 suffieit
1170 669 1304 711 umbo

199 742 398 796 Ictibus3
432 741 708 798 ingeminant
729 740 868 784 hastis
891 745 936 783 et
961 740 1093 783 Troes
1117 745 1161 782 et
1183 740 1276 796 ipse

197 813 460 856 Fulmineus
484 812 757 856 Mnestheus.
824 811 945 854 Tum
966 816 1061 855 toto
1084 826 1258 868 corpore
1281 811 1413 854 sudor

197 885 408 941 Liquitur
428 889 474 927 et
495 884 700 941 piceum·
713 898 793 926 nec
816 883 1026 940 respirare
1049 887 1275 940 potestas-

197 955 391 998 Flumen
413 955 507 1012 agit
523 969 535 1010 3
567 955 702 998 fessos
724 954 873 1011 quatit
894 968 1022 1011 aeger
1043 954 1266 997 anhelitus
1287 958 1423 997 artus.

199 1027 320 1069 Tum
342 1027 525 1069 demum
546 1041 756 1083 praeceps
779 1026 898 1069 saltu
921 1040 1012 1069 sese
1035 1025 1240 1069 omnibus
1262 1024 1395 1068 armis

198 1099 255 1141 In
275 1097 463 1140 fluvium
485 1096 620 1141 dedit.
685 1097 769 1140 Ille
792 1111 870 1140 suo
892 1111 995 1139 eum
1016 1096 1190 1153 gurgite
1213 1096 1327 1138 flavo

199 1168 387 1225 Accepit
410 1168 659 1210 venientem
681 1183 732 1211 ae
754 1168 960 1210 mollibus
983 1167 1147 1209 extulit
1168 1166 1311 1222 undis,

200 1238 260 1284 Et
283 1240 454 1282 laetum
480 1239 603 1282 sociis
626 1239 782 1282 abluta
805 1238 936 1281 caede
958 1237 1137 1282 remisit.

1551 311 1640 356 805

1550 669 1638 711 810

1548 1023 1636 1068 815
