1757 2916
104 131 189 174 128
585 143 814 173 AENEmos
847 143 933 174 Lm.
970 142 1030 173 vl.

103 250 130 272 “
147 250 305 308 Tuque
327 251 484 294 invade
508 251 639 306 viam,
664 250 908 308 vaginaque
931 250 1045 307 eripe
1067 250 1256 293 ferrum:
1446 246 1536 290 260

103 321 131 343 “
149 322 282 365 Nunc
306 321 462 364 animis
485 336 608 378 opus,
633 322 800 378 Aenea,
825 337 941 364 nunc
963 326 1137 378 pectore
1160 320 1322 363 firm0.''

103 393 302 435 Tantum
325 391 472 447 effata,
496 392 646 435 furens
668 398 795 434 antro
819 407 862 434 se
886 391 1070 434 immisit
1093 397 1272 448 apert03

104 464 182 506 Ille
206 464 365 505 ducem
388 463 507 505 haud
531 462 698 504 timidis
720 462 955 504 vadentem
977 463 1177 518 passibus
1199 467 1373 517 aequat.

185 534 257 589 Di,
270 533 431 588 quibus
443 532 678 588 imperium
693 538 757 574 est
772 532 1035 588 animarum,
1047 533 1330 588 Umbraeque
1345 532 1535 586 silentes,

106 604 163 644 Et
190 604 331 646 Chaos
354 608 398 645 et
423 603 713 658 Phlegethon,
737 602 833 645 loca
855 607 982 644 nocto
1006 603 1200 645 tacentia
1222 603 1326 658 late,
1450 603 1538 646 265

103 674 174 715 sit
201 674 307 715 mihi
328 673 393 715 fas
416 673 569 716 audita
590 672 711 728 loqui
731 687 741 727 ;
778 673 835 715 sit
859 673 1039 715 numine
1061 679 1204 715 vestro

35 798 39 801 Ι
101 744 301 787 Pandere
325 759 390 787 res
412 745 504 787 alta
527 749 644 786 terra
667 749 713 786 et
736 743 923 801 caligine
947 759 1123 788 mersas.

103 815 239 858 Ibant
263 815 433 858 obscuri
457 815 546 858 sola
569 815 651 858 sub
673 820 802 858 nocte
824 830 903 872 per
923 815 1143 871 umbram,

103 886 276 943 Perque
298 887 447 929 domos
471 885 592 929 Ditis
612 901 775 929 vacuas
797 891 841 929 et
863 886 1013 929 inania
1036 901 1194 943 regna:

104 957 242 1011 Quale
264 972 341 1015 per
361 957 576 1000 incertam
597 957 750 1000 lunam
773 958 854 1000 sub
877 958 975 1000 luce
998 958 1193 1015 maligna
1450 954 1540 1001 270

102 1029 187 1072 Est
208 1029 293 1071 iter
314 1029 360 1071 in
384 1029 515 1083 silvis,
541 1028 617 1071 ubi
640 1028 811 1071 coelum
833 1028 1029 1072 condidit
1050 1030 1209 1072 umbra

103 1099 298 1156 Jupiter,
322 1105 368 1142 et
390 1100 518 1142 rebus
541 1114 628 1142 nox
650 1099 835 1142 abstulit
859 1105 958 1142 atra
981 1100 1177 1143 colorem.

104 1170 391 1213 Vestibulum
413 1176 516 1212 ante
540 1170 688 1227 ipsum
709 1170 951 1227 primisque
973 1170 1019 1213 in
1038 1169 1241 1213 faucibus
1266 1169 1370 1214 Orci

104 1242 276 1285 Luctus
299 1246 343 1284 et
365 1242 546 1284 ultrices
568 1255 750 1298 posuere
773 1241 934 1284 cubilia
958 1241 1116 1298 Curae,

105 1313 419 1368 Pallentesque
441 1312 648 1355 habitant
672 1312 815 1354 Morbi
836 1311 1062 1368 tristisque
1087 1312 1312 1367 Senectus,
1451 1309 1541 1356 275

105 1384 167 1427 Et
191 1383 342 1426 Metus
363 1389 408 1426 et
431 1383 687 1427 malesuada
708 1383 868 1425 Fames
891 1397 940 1426 ae
963 1384 1104 1440 turpis
1126 1384 1329 1440 Egestas,

106 1454 337 1498 Terribiles
360 1454 458 1497 visu
479 1454 657 1509 formae,
683 1454 933 1509 Letumque
957 1453 1189 1510 Labosque
1207 1469 1218 1509 ;

107 1526 225 1568 Tum
248 1525 599 1582 consanguineus
621 1524 724 1567 Leti
748 1525 897 1581 Sopor,
921 1530 966 1567 et
989 1526 1106 1567 mala
1127 1525 1289 1568 mentis

106 1596 299 1652 Gaudia,
325 1595 689 1652 mortiferumque
712 1596 890 1638 adverso
912 1596 959 1638 in
981 1596 1131 1638 limine
1156 1597 1346 1653 Bellum,

105 1667 341 1723 Fer-reique
365 1667 667 1709 Eumenidum
689 1666 888 1722 thalami,
909 1672 953 1709 et
977 1667 1205 1710 Discordia
1227 1668 1419 1723 demens,
1453 1668 1544 1710 280

106 1738 349 1795 Vipereum
374 1738 541 1780 crinem
565 1738 689 1781 vittis
711 1738 875 1780 innexa
898 1740 1101 1782 cruentis.

107 1810 162 1852 In
182 1809 327 1852 medio
351 1824 493 1852 ramos
515 1823 766 1865 annosaque
788 1809 969 1852 brachia
991 1811 1148 1865 pandit

108 1881 274 1924 Ulmus
296 1895 446 1936 opaca,
471 1880 639 1936 ingens,
664 1895 800 1936 quam
823 1881 972 1923 sedem
997 1880 1176 1924 Somnia
1200 1881 1332 1937 vulgo

109 1951 238 1993 Vana
261 1956 407 1993 tenere
429 1951 593 2007 ferunt,
617 1951 817 2008 foliisque
840 1952 922 1995 sub
945 1951 1146 1994 omnibus
1167 1952 1361 1995 haerent.

108 2021 344 2078 Multaque
367 2027 592 2078 praeterea
615 2022 835 2064 variarum
856 2029 1052 2066 monstra
1074 2023 1281 2078 ferarum,
1456 2024 1544 2068 285

109 2092 338 2148 Centauri,
364 2092 409 2134 in
432 2092 595 2135 foribus
618 2093 860 2149 stabulant,
887 2094 1145 2150 Scyllaeque
1168 2093 1392 2150 biformes,

114 2164 170 2206 Et
194 2163 579 2219 centumgeminus
604 2163 821 2225 Briareus,
847 2179 896 2207 ac
918 2165 1065 2208 bellua
1087 2164 1254 2208 Lernae

110 2234 391 2278 Horrendum
415 2235 615 2290 stridens,
638 2235 915 2292 flammisque
937 2241 1110 2278 armata
1135 2236 1380 2293 Chimaera,

109 2306 335 2363 Gorgones
358 2306 670 2363 Harpyiaeque
693 2311 738 2349 et
762 2306 901 2349 forma
926 2307 1173 2364 tricorporis
1196 2308 1380 2350 umbrae

111 2378 300 2435 Corripit
323 2378 394 2422 hic
418 2378 564 2421 subita
588 2377 783 2435 trepidus
804 2377 1034 2421 formidine
1055 2378 1219 2421 ferrum
1457 2377 1547 2422 290

114 2450 296 2506 Aeneas,
323 2450 612 2506 strictamque
634 2449 773 2492 aciem
795 2449 1070 2492 venientibus
1092 2448 1217 2492 offert
1235 2464 1245 2503 3

116 2521 187 2577 Et,
212 2521 258 2563 ni
281 2522 413 2564 docta
436 2536 578 2564 comes
601 2526 754 2564 tenues
778 2520 867 2563 sine
892 2534 1065 2577 corpore
1089 2521 1207 2562 vitas

117 2594 365 2637 Admoneat
387 2593 570 2637 volitare
593 2607 702 2636 cava
724 2592 805 2635 sub
827 2592 1017 2649 imagine
1039 2592 1215 2647 formae,
