1757 2916
112 124 199 168 142
600 141 832 172 AENEIDos
865 143 952 174 Lm.
988 143 1049 174 vl.

111 245 138 267 ‘⁶
157 246 261 290 Non
283 252 434 291 tamen
456 263 585 292 omne
607 251 777 293 malum
799 251 968 294 miseris
989 266 1068 295 nec
1090 252 1295 297 funditus
1317 268 1470 298 omnes

111 317 138 339 “
158 318 397 377 Corporeae
421 322 640 364 excedunt
663 329 821 379 pestes,
846 324 1111 381 penitusque
1135 340 1308 368 necesse
1332 331 1399 369 est

111 391 302 434 “Multa
325 393 401 435 diu
425 399 626 435 concreta
647 394 788 436 modis
811 395 1042 438 inolescere
1065 397 1197 440 miris.

110 463 275 521 “Ergo
297 471 556 507 exercentur
578 465 742 521 poenis,
767 474 1053 523 veterumque
1077 469 1293 511 malorum

111 535 138 555 ‘⁴
159 536 387 593 Supplicia
410 538 670 593 expendunt
690 552 699 580 ε
735 538 847 579 aliae
870 540 1130 595 panduntur
1151 540 1303 583 inanes
1459 541 1550 585 740

111 606 136 625 '⁴
159 607 404 663 Suspensae
427 609 482 650 ad
506 613 672 663 ventos,
697 608 793 650 aliis
818 609 898 650 sub
921 610 1095 665 gurgite
1119 617 1247 653 vasto

109 677 135 697 ‘⁶
155 678 378 720 infectum
402 679 569 721 eluitur
590 679 745 735 scelus,
771 685 850 722 aut
873 681 1077 723 exuritur
1097 681 1201 738 igni.

110 748 139 768 ‘⁴
159 750 354 805 Quisque
377 765 476 792 suos
498 750 695 806 patimur
717 750 872 794 Manes
892 766 901 795 :
939 752 1096 795 exinde
1119 768 1197 810 per
1218 755 1420 811 amplum

110 819 134 840 ‘⁶
153 820 378 864 Mittimur
399 822 618 878 Elysium,
643 828 690 865 et
711 823 844 880 pauci
864 823 984 867 laeta
1006 839 1111 868 arva
1121 830 1335 875 ,tenemus
1357 841 1368 882 3

111 890 138 911 “
161 891 311 935 Donec
334 893 464 950 longa
486 893 592 950 dies,
617 895 810 951 perfecto
832 897 1043 953 temporis
1067 898 1182 952 orbe,
1460 897 1550 944 '745

109 962 135 983 “
158 963 418 1007 Concretam
441 966 606 1008 exemit
627 967 788 1023 labem,
812 982 1063 1025 purumque
1086 970 1295 1027 relinquit

110 1034 135 1054 ‘⁴
156 1034 419 1078 Aetherium
442 1051 620 1079 sensum
643 1043 778 1094 atque
802 1039 927 1081 aurai
950 1039 1164 1097 simplicis
1186 1041 1347 1098 ignem.

67 1117 69 1119 ’
110 1105 137 1126 “’
157 1106 252 1149 Has
274 1103 437 1163 omnes,
462 1108 539 1150 ubi
560 1108 680 1151 mille
703 1114 846 1152 rotam
868 1111 1035 1154 volvere
1058 1127 1135 1168 per
1156 1127 1307 1169 annos,

110 1176 136 1197 ‘⁶
153 1177 400 1220 Lethaeum
422 1179 479 1222 ad
501 1179 687 1222 fluvium
708 1181 816 1224 deus
839 1187 993 1225 evocat
1016 1183 1191 1240 agmine
1213 1199 1387 1242 magno,

111 1249 137 1269 '³⁴
159 1249 334 1292 Scilicet
355 1249 630 1293 immemores
653 1265 812 1308 supera
833 1258 886 1295 ut
910 1267 1103 1296 convexa
1125 1254 1331 1311 revisant,
1461 1253 1550 1300 750

110 1320 137 1341 ‘⁶
158 1321 329 1363 Rursus
352 1327 396 1363 et
418 1321 635 1379 incipiant
657 1322 704 1365 in
725 1338 901 1380 corpora
922 1325 1032 1368 velle
1055 1327 1252 1372 1·everti.''

111 1391 299 1434 Dixerat
322 1392 550 1448 Anchises,
575 1400 821 1450 natumque
843 1410 1020 1452 unaque
1046 1397 1262 1454 Sibyllam

110 1461 363 1505 Conventus
386 1463 524 1505 trahit
547 1463 594 1505 in
615 1464 782 1507 medios
804 1466 1071 1522 turbamque
1094 1475 1336 1525 sonantem,

108 1533 168 1575 Et
192 1534 418 1575 tumulum
440 1534 573 1591 capit,
597 1535 716 1577 unde
738 1550 888 1579 omnes
909 1537 1038 1595 longo
1061 1539 1210 1582 ordine
1233 1546 1380 1597 posset

107 1605 326 1648 Adversos
348 1605 487 1663 legere
511 1611 556 1648 et
573 1606 830 1650 venientum
851 1608 1015 1653 discere
1027 1611 1201 1655 vultus.
1462 1611 1550 1658 755

108 1676 133 1696 ‘⁶
154 1676 284 1719 Nunc
307 1691 400 1733 age,
428 1677 699 1720 Dardaniam
722 1679 888 1736 prolem
912 1695 1023 1737 quae
1047 1682 1204 1726 deinde
1228 1689 1439 1740 sequatur

108 1748 134 1768 “
155 1748 321 1806 Gloria,
346 1750 424 1806 qui
445 1757 654 1794 maneant
677 1751 797 1794 Itala
819 1753 872 1795 de
894 1759 1026 1809 gente
1048 1760 1246 1812 nepotes,

109 1819 136 1840 ‘⁴
153 1820 354 1863 Illustres
376 1821 546 1865 animas
569 1828 858 1879 nostrumque
880 1823 928 1866 in
949 1840 1110 1868 nomen
1131 1826 1286 1883 ituras,

109 1890 136 1911 ‘⁴
157 1891 409 1947 Expediam
431 1891 577 1948 dictis,
603 1898 648 1935 et
672 1898 717 1935 te
740 1899 821 1936 tua
842 1894 938 1937 fata
961 1896 1133 1940 docebo.

109 1961 135 1981 “
153 1962 249 2017 Ille,
274 1962 411 2019 vides,
435 1977 547 2019 pura
564 1963 740 2019 juvenis
763 1964 840 2020 qui
862 1965 1026 2008 nititur
1047 1966 1190 2023 hasta,
1458 1968 1486 2015 '7
1491 1971 1548 2014 60

109 2034 135 2054 ‘⁶
156 2034 364 2076 Proxima
387 2040 500 2077 sorte
525 2040 645 2077 tenet
668 2036 777 2078 lucis
799 2037 907 2093 loca,
934 2038 1100 2094 primus
1125 2040 1181 2082 ad
1204 2055 1333 2083 auras

109 2105 135 2124 ‘⁶
155 2104 390 2148 Aetherias
412 2105 529 2148 Italo
552 2106 821 2149 commixtus
844 2108 1055 2165 sanguine
1079 2116 1242 2167 surget,

109 2177 134 2198 “
161 2177 337 2232 Silvius,
366 2178 595 2221 Albanum
617 2194 791 2234 nomen,
815 2185 896 2222 tua
918 2186 1127 2237 postuma
1149 2184 1290 2240 proles
1310 2199 1319 2229 ε

109 2248 134 2268 “
157 2249 299 2302 Quem
320 2249 405 2292 tibi
426 2249 634 2306 longaevo
657 2265 803 2292 serum
826 2251 1011 2294 Lavinia
1033 2253 1194 2310 conjux

111 2320 137 2341 “
158 2321 333 2363 Educet
357 2321 476 2364 silvis
501 2336 644 2378 regem
668 2337 906 2379 regumque
930 2331 1159 2380 parentem
1181 2342 1189 2369 :
1458 2331 1546 2374 765

108 2390 134 2411 ‘⁴
159 2391 288 2434 Unde
311 2407 449 2448 genus
472 2392 623 2449 Longa
647 2399 846 2436 nostrum
869 2395 1168 2439 dominabitur
1191 2398 1320 2443 Alba.

110 2462 135 2482 “
158 2463 391 2506 Proximus
414 2463 487 2506 ille
512 2463 685 2519 Procas,
712 2464 927 2520 Trojanae
950 2467 1085 2523 gloria
1107 2470 1266 2526 gentis,

108 2532 134 2553 “
153 2533 215 2576 Et
240 2534 388 2591 Capys
411 2540 456 2577 et
479 2534 701 2591 Numitor,
721 2540 766 2578 et
789 2537 866 2592 qui
888 2542 933 2580 te
956 2539 1131 2583 nomine
1153 2541 1306 2585 reddet

108 2602 136 2624 “
157 2604 318 2648 Silvius
341 2604 528 2662 Aeneas,
551 2605 717 2663 pariter
739 2606 907 2663 pietate
929 2609 999 2652 vel
1021 2611 1153 2654 armis
