1757 2916
152 137 210 180 88
640 146 873 176 AENEIDOS
907 146 994 176 ΜΒ.
1030 145 1091 176 1v.

155 256 308 301 Saevit
330 270 452 299 amor
473 268 722 312 magnoque
743 255 907 297 irarum
929 254 1123 297 fluctuat
1148 256 1288 295 aestu,

155 325 225 373 Sic
247 329 353 371 adeo
375 327 553 383 insistit,
579 340 814 383 secumque
836 326 902 368 ita
924 325 1049 368 corde
1072 325 1273 368 volutat:

159 399 188 420 “
207 400 293 456 En,
318 400 426 456 quid
449 413 528 455 ago
545 399 566 442 Ρ
633 398 861 440 Rursusne
884 411 1035 453 procos
1056 396 1181 455 irrisa
1204 395 1366 451 priores

157 469 187 491 “
207 470 440 527 Experiar,
465 468 810 524 Nomadumque
833 456 984 523 petam
1006 466 1225 509 connubia
1247 465 1452 522 supplex,
1508 464 1597 508 535

157 541 184 562 “
205 542 323 595 Quos
347 556 424 598 ego
449 540 532 583 sim
554 539 683 582 toties
700 538 794 595 jam
817 537 1061 594 dedignata
1085 537 1267 580 maritos
1288 538 1373 578 ,9--

161 612 188 633 “
207 613 366 669 Iliacas
388 611 524 669 igitur
546 610 705 652 classes
729 614 864 665 atque
887 609 1047 651 ultima
1071 608 1296 650 Teucrum

157 683 182 704 “
200 684 231 726 J
236 699 336 726 ussa
359 697 517 739 sequar
535 683 556 725 Ρ
593 681 752 736 quiane
775 680 937 722 auxilio
957 679 1086 736 juvat
1109 684 1212 721 ante
1233 679 1416 734 levatos,

157 754 183 775 ‘⁶
205 755 267 797 Et
290 755 401 796 bene
424 753 544 809 apud
565 766 778 794 memores
800 751 959 794 veteris
984 756 1074 793 stat
1096 750 1238 807 gratia
1259 749 1469 792 100119-

158 824 312 878 “Quis
334 839 403 867 me
427 823 674 866 autem-fac
697 822 962 878 velle-sinet,
988 821 1245 878 ratibusque
1269 820 1466 878 superbis
1512 819 1601 864 540

158 896 185 916 ‘⁴
204 896 403 939 Invisam
425 896 612 953 accipiet
627 897 647 938 Ρ
682 894 837 950 nescis,
861 894 962 949 heu,
987 893 1173 950 perdita,
1197 894 1390 936 necdum

159 967 187 989 ‘⁴
206 968 559 1011 Laomedonteae
582 967 717 1010 sentis
738 966 929 1023 perjuria
951 965 1095 1022 gentis
1111 967 1133 1009 Ρ

159 1040 187 1061 “
207 1041 324 1094 Quid
347 1045 446 1083 tum
465 1041 486 1083 Ρ
556 1039 658 1084 Sola
678 1038 786 1095 fuga
807 1043 966 1080 nautas
990 1037 1232 1080 comitabor
1253 1042 1447 1093 ovantes,

160 1112 186 1132 “
205 1112 281 1154 An
305 1111 450 1168 Tyriis
473 1111 679 1167 omnique
700 1124 839 1153 manu
861 1108 1029 1166 stipata
1051 1123 1249 1152 meorum

161 1183 188 1204 ‘⁶
205 1184 377 1226 Inferar
397 1187 456 1238 et,
483 1197 590 1239 quos
615 1181 793 1225 Sidonia
815 1180 891 1223 vix
913 1180 1019 1223 urbe
1043 1180 1204 1235 revelli,
1513 1178 1601 1224 545

161 1254 188 1276 “
208 1255 377 1297 Rursus
401 1268 531 1311 agam
552 1253 707 1310 pelago
729 1257 773 1295 et
796 1251 940 1295 ventis
961 1252 1064 1294 dare
1086 1252 1183 1294 vela
1199 1251 1364 1308 jubebo
1384 1252 1470 1295 P—

163 1326 191 1347 “
211 1326 329 1380 Quin
350 1339 528 1380 morere,
552 1329 603 1366 ut
628 1323 786 1366 merita
809 1337 868 1379 es,
891 1323 1090 1379 ferroque
1112 1328 1263 1365 averte
1285 1324 1477 1366 dolorem
1497 1327 1505 1367 Ξ

164 1399 190 1420 “
211 1399 296 1454 Τ11,
319 1397 510 1441 lacrimis
532 1396 675 1439 evicta
697 1395 821 1450 meis,
846 1400 899 1437 tu
921 1395 1063 1451 prima
1084 1395 1308 1437 furentem

164 1469 190 1489 ‘⁶
210 1469 307 1524 His,
331 1482 552 1525 germana,
577 1466 706 1509 malis
729 1480 894 1521 oneras,
919 1470 1054 1521 atque
1077 1465 1226 1521 objicis
1246 1465 1374 1509 hosti.

164 1540 191 1561 “
210 1540 312 1583 Non
335 1539 460 1581 licuit
483 1537 672 1581 thalami
694 1541 923 1593 expertem
946 1536 1038 1578 sine
1061 1536 1242 1578 crimine
1264 1536 1406 1579 Vitam
1515 1537 1603 1580 550

163 1612 187 1631 ‘⁶
210 1612 393 1668 Degere7
416 1624 533 1652 more
555 1609 683 1664 ferae,
708 1609 819 1651 tales
841 1623 919 1652 nee
943 1613 1120 1665 tangere
1144 1623 1269 1651 curas
1289 1611 1298 1652 !

164 1683 190 1704 ‘³
207 1683 309 1726 Non
332 1686 502 1725 servata
524 1681 646 1737 fides,
671 1680 805 1723 cineri
826 1679 1037 1737 promissa
1062 1680 1256 1736 Sychaeo
1278 1683 1286 1724 Ξ
1305 1681 1330 1697 ”

164 1755 212 1796 T
206 1759 332 1797 intes
354 1754 432 1796 illa
454 1768 532 1796 suo
555 1753 790 1809 rumpebat
813 1756 987 1808 pectore
1011 1757 1204 1807 questus.

256 1825 431 1867 Aeneas
454 1823 603 1866 celsa
591 1838 639 1865 1n
660 1822 816 1892 puppi7
835 1822 869 1878 j
859 1837 930 1864 am
953 1828 1100 1864 certus
1123 1822 1270 1877 eundi,

166 1896 387 1951 Carpebat
411 1893 783 1949 somnos71ebus
766 1908 861 1949 jam
882 1893 965 1935 lite
988 1908 1066 1949 pax
1069 1893 1169 1936 atis
1517 1895 1604 1938 555

166 1966 283 2008 Huic
308 1980 351 2008 se
373 1966 513 2008 forma
534 1964 606 2007 dei
627 1964 757 2006 vultu
779 1964 1001 2007 redeuntis
1024 1965 1177 2007 eodem

167 2036 347 2080 Obtulit
368 2035 415 2078 in
438 2035 615 2090 somnis,
639 2049 877 2090 rursusque
899 2034 965 2077 ita
986 2035 1079 2078 visa
1101 2049 1275 2078 monere
1298 2040 1380 2092 est,

170 2107 334 2152 Omnia
357 2105 574 2149 Mercurio
597 2105 766 2162 similis,
790 2120 1030 2163 vocemque
1054 2107 1328 2163 coloremque

167 2180 228 2222 Et
252 2178 391 2221 crines
413 2177 547 2220 flavos
569 2182 614 2219 et
635 2178 832 2220 membra
855 2178 1008 2220 deeora
1023 2177 1211 2234 juventa
1231 2193 1240 2222 :

168 2250 197 2272 “
216 2250 335 2293 Nate
359 2250 453 2305 dea7
478 2253 604 2306 potes
624 2249 705 2291 1100
729 2249 809 2292 sub
833 2264 938 2292 casu
962 2250 1117 2292 ducere
1141 2264 1327 2306 somnos,
1515 2251 1604 2296 560

169 2321 198 2343 ‘³
219 2322 328 2378 Nec,
353 2335 466 2377 quae
489 2326 533 2363 te
556 2320 722 2363 circum
744 2326 864 2362 stent
887 2321 1043 2363 deinde
1066 2321 1274 2378 pericula,
1300 2322 1453 2377 cernis,

170 2393 197 2414 “
216 2394 422 2448 Demens,
448 2406 526 2435 nec
549 2391 770 2448 Zephyros
792 2391 917 2434 audis
941 2392 1101 2449 spirare
1125 2393 1335 2436 secundos
1351 2394 1372 2436 Ρ

170 2464 298 2507 “Illa
320 2464 438 2507 dolos
462 2463 692 2519 dirumque
715 2462 836 2505 nefas
859 2462 905 2504 in
931 2468 1105 2519 pectore
1129 2468 1287 2519 versat,

171 2535 198 2558 “
219 2536 353 2579 Certa
376 2533 727 2590 mori7va1ioque
749 2532 914 2575 irarum
936 2533 1127 2576 fluctuat
1150 2539 1288 2578 aestu,

173 2606 198 2628 “
217 2606 318 2649 Non
340 2606 454 2663 fugis
471 2605 572 2648 hinc
591 2618 795 2662 praeceps
800 2640 809 2660 7
829 2605 933 2646 dum
956 2604 1241 2661 praecipitare
1260 2610 1456 2662 potestas
1473 2607 1492 2640 Ρ
1520 2607 1607 2650 565
