<?xml version="1.0" encoding="UTF-8"?>
<!DOCTYPE html PUBLIC "-//W3C//DTD XHTML 1.0 Transitional//EN"
    "http://www.w3.org/TR/xhtml1/DTD/xhtml1-transitional.dtd">
<html xmlns="http://www.w3.org/1999/xhtml" xml:lang="en" lang="en">
 <head>
  <title>
</title>
<meta http-equiv="Content-Type" content="text/html;charset=utf-8" />
  <meta name='ocr-system' content='tesseract 3.04.00' />
  <meta name='ocr-capabilities' content='ocr_page ocr_carea ocr_par ocr_line ocrx_word'/>
</head>
<body>
  <div class='ocr_page' id='page_1' title='image "aeneidfri00virguoft_0284.png"; bbox 0 0 1757 2916; ppageno 0'>
   <div class='ocr_carea' id='block_1_1' title="bbox 126 110 1074 154">
    <p class='ocr_par' dir='ltr' id='par_1_1' title="bbox 126 110 1074 154">
     <span class='ocr_line' id='line_1_1' title="bbox 126 110 1074 154; baseline 0 -1"><span class='ocrx_word' id='word_1_1' title='bbox 126 110 215 154; x_wconf 86' lang='lat'>258</span> <span class='ocrx_word' id='word_1_2' title='bbox 620 122 850 153; x_wconf 77' lang='lat' dir='ltr'>AENEIDOS</span> <span class='ocrx_word' id='word_1_3' title='bbox 884 123 972 153; x_wconf 71' lang='grc' dir='ltr'>ΜΒ.</span> <span class='ocrx_word' id='word_1_4' title='bbox 1009 123 1074 153; x_wconf 83' lang='lat' dir='ltr'>XI.</span> 
     </span>
    </p>
   </div>
   <div class='ocr_carea' id='block_1_2' title="bbox 127 229 1573 2629">
    <p class='ocr_par' dir='ltr' id='par_1_2' title="bbox 128 229 1294 288">
     <span class='ocr_line' id='line_1_2' title="bbox 128 229 1294 288; baseline -0.001 -15"><span class='ocrx_word' id='word_1_5' title='bbox 128 230 155 252; x_wconf 73' lang='lat'>‘⁶</span> <span class='ocrx_word' id='word_1_6' title='bbox 173 229 310 273; x_wconf 85' lang='lat' dir='ltr'>Nulla</span> <span class='ocrx_word' id='word_1_7' title='bbox 332 230 448 274; x_wconf 81' lang='lat' dir='ltr'>salus</span> <span class='ocrx_word' id='word_1_8' title='bbox 468 230 608 285; x_wconf 84' lang='lat' dir='ltr'>bell03</span> <span class='ocrx_word' id='word_1_9' title='bbox 642 245 798 288; x_wconf 88' lang='lat' dir='ltr'>pacem</span> <span class='ocrx_word' id='word_1_10' title='bbox 820 235 866 273; x_wconf 88' lang='lat' dir='ltr'>tc</span> <span class='ocrx_word' id='word_1_11' title='bbox 888 230 1109 286; x_wconf 86' lang='lat' dir='ltr'>poscimus</span> <span class='ocrx_word' id='word_1_12' title='bbox 1132 243 1294 285; x_wconf 87' lang='lat' dir='ltr'>omnes,</span> 
     </span>
    </p>

    <p class='ocr_par' dir='ltr' id='par_1_3' title="bbox 128 301 1270 358">
     <span class='ocr_line' id='line_1_3' title="bbox 128 301 1270 358; baseline 0 -14"><span class='ocrx_word' id='word_1_13' title='bbox 128 301 156 322; x_wconf 86' lang='lat'><strong>“</strong></span> <span class='ocrx_word' id='word_1_14' title='bbox 175 302 338 356; x_wconf 85' lang='lat' dir='ltr'>Turne,</span> <span class='ocrx_word' id='word_1_15' title='bbox 363 302 496 345; x_wconf 88' lang='lat' dir='ltr'>simul</span> <span class='ocrx_word' id='word_1_16' title='bbox 516 302 636 358; x_wconf 80' lang='lat' dir='ltr'>pacis</span> <span class='ocrx_word' id='word_1_17' title='bbox 659 302 803 344; x_wconf 90' lang='lat' dir='ltr'>solum</span> <span class='ocrx_word' id='word_1_18' title='bbox 824 301 1073 343; x_wconf 85' lang='lat' dir='ltr'>inviolabile</span> <span class='ocrx_word' id='word_1_19' title='bbox 1096 301 1270 357; x_wconf 85' lang='lat' dir='ltr'>pignus.</span> 
     </span>
    </p>

    <p class='ocr_par' dir='ltr' id='par_1_4' title="bbox 127 372 1359 430">
     <span class='ocr_line' id='line_1_4' title="bbox 127 372 1359 430; baseline -0.002 -15"><span class='ocrx_word' id='word_1_20' title='bbox 127 372 153 394; x_wconf 81' lang='lat'><strong>“</strong></span> <span class='ocrx_word' id='word_1_21' title='bbox 173 373 348 416; x_wconf 84' lang='lat' dir='ltr'>Primus</span> <span class='ocrx_word' id='word_1_22' title='bbox 370 388 460 430; x_wconf 86' lang='lat' dir='ltr'>ego,</span> <span class='ocrx_word' id='word_1_23' title='bbox 484 373 675 416; x_wconf 85' lang='lat' dir='ltr'>invisum</span> <span class='ocrx_word' id='word_1_24' title='bbox 697 387 828 428; x_wconf 88' lang='lat' dir='ltr'>quem</span> <span class='ocrx_word' id='word_1_25' title='bbox 851 377 902 414; x_wconf 90' lang='lat' dir='ltr'>tu</span> <span class='ocrx_word' id='word_1_26' title='bbox 926 372 1010 414; x_wconf 90' lang='lat' dir='ltr'>tibi</span> <span class='ocrx_word' id='word_1_27' title='bbox 1030 372 1174 428; x_wconf 88' lang='lat' dir='ltr'>fingis,</span> <span class='ocrx_word' id='word_1_28' title='bbox 1200 377 1244 414; x_wconf 88' lang='lat' dir='ltr'>et</span> <span class='ocrx_word' id='word_1_29' title='bbox 1268 386 1359 415; x_wconf 87' lang='lat' dir='ltr'>esse</span> 
     </span>
    </p>

    <p class='ocr_par' dir='ltr' id='par_1_5' title="bbox 127 441 1558 569">
     <span class='ocr_line' id='line_1_5' title="bbox 127 441 1558 499; baseline -0.001 -14"><span class='ocrx_word' id='word_1_30' title='bbox 127 442 154 464; x_wconf 75' lang='lat'>‘⁴</span> <span class='ocrx_word' id='word_1_31' title='bbox 175 443 253 486; x_wconf 89' lang='lat' dir='ltr'>Nil</span> <span class='ocrx_word' id='word_1_32' title='bbox 274 458 426 499; x_wconf 85' lang='lat' dir='ltr'>moror,</span> <span class='ocrx_word' id='word_1_33' title='bbox 453 458 521 498; x_wconf 89' lang='lat' dir='ltr'>cn,</span> <span class='ocrx_word' id='word_1_34' title='bbox 546 443 734 499; x_wconf 78' lang='lat' dir='ltr'>supplex</span> <span class='ocrx_word' id='word_1_35' title='bbox 755 442 892 485; x_wconf 86' lang='lat' dir='ltr'>venio.</span> <span class='ocrx_word' id='word_1_36' title='bbox 958 441 1159 484; x_wconf 76' lang='lat' dir='ltr'>Miserere</span> <span class='ocrx_word' id='word_1_37' title='bbox 1182 447 1375 497; x_wconf 83' lang='lat' dir='ltr'>tuorum,</span> <span class='ocrx_word' id='word_1_38' title='bbox 1475 441 1558 484; x_wconf 80' lang='lat'>365</span> 
     </span>
     <span class='ocr_line' id='line_1_6' title="bbox 128 512 1242 569; baseline -0.001 -13"><span class='ocrx_word' id='word_1_39' title='bbox 128 514 156 535; x_wconf 72' lang='lat'>‘⁴</span> <span class='ocrx_word' id='word_1_40' title='bbox 176 515 296 558; x_wconf 87' lang='lat' dir='ltr'>Pone</span> <span class='ocrx_word' id='word_1_41' title='bbox 320 515 488 556; x_wconf 87' lang='lat' dir='ltr'>animos</span> <span class='ocrx_word' id='word_1_42' title='bbox 510 518 554 556; x_wconf 89' lang='lat' dir='ltr'>et</span> <span class='ocrx_word' id='word_1_43' title='bbox 577 514 730 569; x_wconf 86' lang='lat' dir='ltr'>pulsus</span> <span class='ocrx_word' id='word_1_44' title='bbox 753 512 850 555; x_wconf 85' lang='lat' dir='ltr'>abi:</span> <span class='ocrx_word' id='word_1_45' title='bbox 887 516 954 554; x_wconf 84' lang='lat' dir='ltr'>sat</span> <span class='ocrx_word' id='word_1_46' title='bbox 979 512 1132 554; x_wconf 83' lang='lat' dir='ltr'>funera</span> <span class='ocrx_word' id='word_1_47' title='bbox 1154 513 1242 556; x_wconf 86' lang='lat' dir='ltr'>fusi</span> 
     </span>
    </p>

    <p class='ocr_par' dir='ltr' id='par_1_6' title="bbox 128 582 1160 641">
     <span class='ocr_line' id='line_1_7' title="bbox 128 582 1160 641; baseline -0.002 -13"><span class='ocrx_word' id='word_1_48' title='bbox 128 586 156 606; x_wconf 66' lang='lat'>‘⁶</span> <span class='ocrx_word' id='word_1_49' title='bbox 177 586 398 640; x_wconf 79' lang='lat' dir='ltr'>Vidimus,</span> <span class='ocrx_word' id='word_1_50' title='bbox 418 585 619 641; x_wconf 76' lang='lat' dir='ltr'>ingentes</span> <span class='ocrx_word' id='word_1_51' title='bbox 641 588 686 626; x_wconf 91' lang='lat' dir='ltr'>et</span> <span class='ocrx_word' id='word_1_52' title='bbox 708 582 1001 626; x_wconf 72' lang='lat' dir='ltr'>desolavimus</span> <span class='ocrx_word' id='word_1_53' title='bbox 1024 598 1160 639; x_wconf 84' lang='lat' dir='ltr'>agros.</span> 
     </span>
    </p>

    <p class='ocr_par' dir='ltr' id='par_1_7' title="bbox 129 653 1284 712">
     <span class='ocr_line' id='line_1_8' title="bbox 129 653 1284 712; baseline -0.003 -14"><span class='ocrx_word' id='word_1_54' title='bbox 129 655 155 676; x_wconf 71' lang='lat'>‘⁶</span> <span class='ocrx_word' id='word_1_55' title='bbox 174 656 285 712; x_wconf 88' lang='lat' dir='ltr'>Aut,</span> <span class='ocrx_word' id='word_1_56' title='bbox 311 656 346 698; x_wconf 90' lang='lat' dir='ltr'>si</span> <span class='ocrx_word' id='word_1_57' title='bbox 368 655 486 697; x_wconf 83' lang='lat' dir='ltr'>fama</span> <span class='ocrx_word' id='word_1_58' title='bbox 507 658 670 710; x_wconf 84' lang='lat' dir='ltr'>movet,</span> <span class='ocrx_word' id='word_1_59' title='bbox 697 653 733 696; x_wconf 87' lang='lat' dir='ltr'>si</span> <span class='ocrx_word' id='word_1_60' title='bbox 754 657 935 696; x_wconf 85' lang='lat' dir='ltr'>tantum</span> <span class='ocrx_word' id='word_1_61' title='bbox 957 657 1131 709; x_wconf 76' lang='lat' dir='ltr'>pectore</span> <span class='ocrx_word' id='word_1_62' title='bbox 1154 653 1284 696; x_wconf 85' lang='lat' dir='ltr'>robur</span> 
     </span>
    </p>

    <p class='ocr_par' dir='ltr' id='par_1_8' title="bbox 129 724 1231 783">
     <span class='ocr_line' id='line_1_9' title="bbox 129 724 1231 783; baseline -0.002 -14"><span class='ocrx_word' id='word_1_63' title='bbox 129 727 157 747; x_wconf 73' lang='lat'>‘⁴</span> <span class='ocrx_word' id='word_1_64' title='bbox 177 726 394 783; x_wconf 79' lang='lat' dir='ltr'>Concipis,</span> <span class='ocrx_word' id='word_1_65' title='bbox 420 731 464 768; x_wconf 89' lang='lat' dir='ltr'>et</span> <span class='ocrx_word' id='word_1_66' title='bbox 488 725 524 768; x_wconf 88' lang='lat' dir='ltr'>si</span> <span class='ocrx_word' id='word_1_67' title='bbox 545 726 653 768; x_wconf 86' lang='lat' dir='ltr'>adeo</span> <span class='ocrx_word' id='word_1_68' title='bbox 676 725 836 767; x_wconf 89' lang='lat' dir='ltr'>dotalis</span> <span class='ocrx_word' id='word_1_69' title='bbox 857 724 975 781; x_wconf 84' lang='lat' dir='ltr'>regia</span> <span class='ocrx_word' id='word_1_70' title='bbox 998 725 1115 767; x_wconf 89' lang='lat' dir='ltr'>cordi</span> <span class='ocrx_word' id='word_1_71' title='bbox 1137 729 1202 767; x_wconf 87' lang='lat' dir='ltr'>est</span> <span class='ocrx_word' id='word_1_72' title='bbox 1220 738 1231 779; x_wconf 88' lang='lat'>;</span> 
     </span>
    </p>

    <p class='ocr_par' dir='ltr' id='par_1_9' title="bbox 128 791 1564 924">
     <span class='ocr_line' id='line_1_10' title="bbox 128 791 1564 853; baseline -0.003 -13"><span class='ocrx_word' id='word_1_73' title='bbox 128 797 156 818; x_wconf 68' lang='lat'>‘⁶</span> <span class='ocrx_word' id='word_1_74' title='bbox 172 798 321 851; x_wconf 90' lang='lat' dir='ltr'>Aude,</span> <span class='ocrx_word' id='word_1_75' title='bbox 345 803 481 853; x_wconf 84' lang='lat' dir='ltr'>atque</span> <span class='ocrx_word' id='word_1_76' title='bbox 505 797 737 839; x_wconf 85' lang='lat' dir='ltr'>adversum</span> <span class='ocrx_word' id='word_1_77' title='bbox 758 796 897 839; x_wconf 86' lang='lat' dir='ltr'>fidens</span> <span class='ocrx_word' id='word_1_78' title='bbox 919 795 983 838; x_wconf 84' lang='lat' dir='ltr'>fer</span> <span class='ocrx_word' id='word_1_79' title='bbox 1005 800 1159 852; x_wconf 89' lang='lat' dir='ltr'>pectus</span> <span class='ocrx_word' id='word_1_80' title='bbox 1181 795 1228 838; x_wconf 87' lang='lat' dir='ltr'>in</span> <span class='ocrx_word' id='word_1_81' title='bbox 1247 795 1431 839; x_wconf 86' lang='lat' dir='ltr'>hostem.</span> <span class='ocrx_word' id='word_1_82' title='bbox 1477 791 1564 837; x_wconf 83' lang='lat'>370</span> 
     </span>
     <span class='ocr_line' id='line_1_11' title="bbox 130 866 1210 924; baseline -0.003 -13"><span class='ocrx_word' id='word_1_83' title='bbox 130 867 156 888; x_wconf 65' lang='lat'>‘⁶</span> <span class='ocrx_word' id='word_1_84' title='bbox 175 868 367 924; x_wconf 74' lang='lat' dir='ltr'>Scilicet,</span> <span class='ocrx_word' id='word_1_85' title='bbox 390 873 443 911; x_wconf 92' lang='lat' dir='ltr'>ut</span> <span class='ocrx_word' id='word_1_86' title='bbox 466 867 616 910; x_wconf 87' lang='lat' dir='ltr'>Turno</span> <span class='ocrx_word' id='word_1_87' title='bbox 639 867 869 923; x_wconf 88' lang='lat' dir='ltr'>contingat</span> <span class='ocrx_word' id='word_1_88' title='bbox 892 866 1010 923; x_wconf 78' lang='lat' dir='ltr'>regia</span> <span class='ocrx_word' id='word_1_89' title='bbox 1032 866 1210 923; x_wconf 77' lang='lat' dir='ltr'>conjux,</span> 
     </span>
    </p>

    <p class='ocr_par' dir='ltr' id='par_1_10' title="bbox 129 935 1308 996">
     <span class='ocr_line' id='line_1_12' title="bbox 129 935 1308 996; baseline -0.001 -14"><span class='ocrx_word' id='word_1_90' title='bbox 129 939 158 960; x_wconf 67' lang='lat'>‘⁵</span> <span class='ocrx_word' id='word_1_91' title='bbox 176 939 282 995; x_wconf 88' lang='lat' dir='ltr'>Nos,</span> <span class='ocrx_word' id='word_1_92' title='bbox 305 939 477 982; x_wconf 88' lang='lat' dir='ltr'>animae</span> <span class='ocrx_word' id='word_1_93' title='bbox 498 935 621 996; x_wconf 74' lang='lat' dir='ltr'>viles,</span> <span class='ocrx_word' id='word_1_94' title='bbox 644 939 881 982; x_wconf 84' lang='lat' dir='ltr'>inhumata</span> <span class='ocrx_word' id='word_1_95' title='bbox 902 938 1141 994; x_wconf 87' lang='lat' dir='ltr'>infletaque</span> <span class='ocrx_word' id='word_1_96' title='bbox 1163 938 1308 994; x_wconf 84' lang='lat' dir='ltr'>turba,</span> 
     </span>
    </p>

    <p class='ocr_par' dir='ltr' id='par_1_11' title="bbox 132 1007 1323 1066">
     <span class='ocr_line' id='line_1_13' title="bbox 132 1007 1323 1066; baseline -0.003 -12"><span class='ocrx_word' id='word_1_97' title='bbox 132 1010 161 1031; x_wconf 84' lang='lat'><em>“</em></span> <span class='ocrx_word' id='word_1_98' title='bbox 182 1007 440 1054; x_wconf 79' lang='lat' dir='ltr'>Sternamur</span> <span class='ocrx_word' id='word_1_99' title='bbox 461 1010 639 1066; x_wconf 86' lang='lat' dir='ltr'>campis.</span> <span class='ocrx_word' id='word_1_100' title='bbox 703 1009 857 1052; x_wconf 84' lang='lat' dir='ltr'>Etiam</span> <span class='ocrx_word' id='word_1_101' title='bbox 879 1014 945 1065; x_wconf 85' lang='lat' dir='ltr'>tu,</span> <span class='ocrx_word' id='word_1_102' title='bbox 971 1010 1007 1053; x_wconf 87' lang='lat' dir='ltr'>si</span> <span class='ocrx_word' id='word_1_103' title='bbox 1029 1024 1116 1066; x_wconf 89' lang='lat' dir='ltr'>qua</span> <span class='ocrx_word' id='word_1_104' title='bbox 1137 1009 1221 1052; x_wconf 83' lang='lat' dir='ltr'>tibi</span> <span class='ocrx_word' id='word_1_105' title='bbox 1243 1009 1323 1065; x_wconf 82' lang='lat' dir='ltr'>vis,</span> 
     </span>
    </p>

    <p class='ocr_par' dir='ltr' id='par_1_12' title="bbox 130 1080 1398 1138">
     <span class='ocr_line' id='line_1_14' title="bbox 130 1080 1398 1138; baseline -0.002 -13"><span class='ocrx_word' id='word_1_106' title='bbox 130 1082 159 1103; x_wconf 76' lang='lat'>‘⁶</span> <span class='ocrx_word' id='word_1_107' title='bbox 179 1082 227 1125; x_wconf 77' lang='lat' dir='ltr'>Si</span> <span class='ocrx_word' id='word_1_108' title='bbox 249 1081 381 1138; x_wconf 89' lang='lat' dir='ltr'>patrii</span> <span class='ocrx_word' id='word_1_109' title='bbox 404 1081 511 1137; x_wconf 90' lang='lat' dir='ltr'>quid</span> <span class='ocrx_word' id='word_1_110' title='bbox 533 1080 690 1124; x_wconf 86' lang='lat' dir='ltr'>Martis</span> <span class='ocrx_word' id='word_1_111' title='bbox 711 1081 859 1136; x_wconf 87' lang='lat' dir='ltr'>habes,</span> <span class='ocrx_word' id='word_1_112' title='bbox 885 1081 1013 1123; x_wconf 90' lang='lat' dir='ltr'>illum</span> <span class='ocrx_word' id='word_1_113' title='bbox 1034 1081 1210 1138; x_wconf 86' lang='lat' dir='ltr'>adspice</span> <span class='ocrx_word' id='word_1_114' title='bbox 1234 1085 1398 1136; x_wconf 80' lang='lat' dir='ltr'>contra,</span> 
     </span>
    </p>

    <p class='ocr_par' dir='ltr' id='par_1_13' title="bbox 131 1148 1565 1266">
     <span class='ocr_line' id='line_1_15' title="bbox 131 1148 1565 1206; baseline -0.001 -11"><span class='ocrx_word' id='word_1_115' title='bbox 131 1153 159 1174; x_wconf 80' lang='lat'><em>“</em></span> <span class='ocrx_word' id='word_1_116' title='bbox 179 1153 266 1206; x_wconf 79' lang='lat' dir='ltr'>Qui</span> <span class='ocrx_word' id='word_1_117' title='bbox 287 1158 416 1195; x_wconf 83' lang='lat' dir='ltr'>vocat</span> <span class='ocrx_word' id='word_1_118' title='bbox 436 1156 445 1197; x_wconf 65' lang='grc' dir='ltr'>ἕ</span> <span class='ocrx_word' id='word_1_119' title='bbox 465 1153 492 1171; x_wconf 82' lang='grc'><strong><em>”</em></strong></span> <span class='ocrx_word' id='word_1_120' title='bbox 1478 1148 1565 1195; x_wconf 86' lang='grc'>375</span> 
     </span>
     <span class='ocr_line' id='line_1_16' title="bbox 132 1222 1070 1266; baseline 0 0"><span class='ocrx_word' id='word_1_121' title='bbox 132 1224 314 1266; x_wconf 83' lang='lat' dir='ltr'>Talibus</span> <span class='ocrx_word' id='word_1_122' title='bbox 338 1222 500 1266; x_wconf 76' lang='lat' dir='ltr'>exarsit</span> <span class='ocrx_word' id='word_1_123' title='bbox 523 1222 652 1266; x_wconf 87' lang='lat' dir='ltr'>dictis</span> <span class='ocrx_word' id='word_1_124' title='bbox 674 1222 883 1265; x_wconf 82' lang='lat' dir='ltr'>violentia</span> <span class='ocrx_word' id='word_1_125' title='bbox 907 1222 1070 1266; x_wconf 88' lang='lat' dir='ltr'>Turni:</span> 
     </span>
    </p>

    <p class='ocr_par' dir='ltr' id='par_1_14' title="bbox 133 1293 1343 1351">
     <span class='ocr_line' id='line_1_17' title="bbox 133 1293 1343 1351; baseline -0.001 -13"><span class='ocrx_word' id='word_1_126' title='bbox 133 1295 226 1338; x_wconf 88' lang='lat' dir='ltr'>Dat</span> <span class='ocrx_word' id='word_1_127' title='bbox 250 1295 479 1351; x_wconf 77' lang='lat' dir='ltr'>gemitum,</span> <span class='ocrx_word' id='word_1_128' title='bbox 505 1294 760 1350; x_wconf 80' lang='lat' dir='ltr'>rumpitque</span> <span class='ocrx_word' id='word_1_129' title='bbox 783 1294 862 1336; x_wconf 80' lang='lat' dir='ltr'>lias</span> <span class='ocrx_word' id='word_1_130' title='bbox 884 1293 971 1336; x_wconf 89' lang='lat' dir='ltr'>imo</span> <span class='ocrx_word' id='word_1_131' title='bbox 995 1299 1169 1350; x_wconf 89' lang='lat' dir='ltr'>pectore</span> <span class='ocrx_word' id='word_1_132' title='bbox 1191 1308 1343 1337; x_wconf 80' lang='lat' dir='ltr'>voees:</span> 
     </span>
    </p>

    <p class='ocr_par' dir='ltr' id='par_1_15' title="bbox 134 1364 1351 1423">
     <span class='ocr_line' id='line_1_18' title="bbox 134 1364 1351 1423; baseline -0.002 -15"><span class='ocrx_word' id='word_1_133' title='bbox 134 1366 323 1423; x_wconf 83' lang='lat' dir='ltr'>“Larga</span> <span class='ocrx_word' id='word_1_134' title='bbox 347 1367 539 1422; x_wconf 85' lang='lat' dir='ltr'>quidem,</span> <span class='ocrx_word' id='word_1_135' title='bbox 567 1366 755 1420; x_wconf 86' lang='lat' dir='ltr'>Drance,</span> <span class='ocrx_word' id='word_1_136' title='bbox 782 1380 952 1421; x_wconf 86' lang='lat' dir='ltr'>semper</span> <span class='ocrx_word' id='word_1_137' title='bbox 973 1365 1058 1406; x_wconf 86' lang='lat' dir='ltr'>tibi</span> <span class='ocrx_word' id='word_1_138' title='bbox 1081 1365 1205 1421; x_wconf 86' lang='lat' dir='ltr'>copia</span> <span class='ocrx_word' id='word_1_139' title='bbox 1227 1364 1351 1407; x_wconf 83' lang='lat' dir='ltr'>fandi</span> 
     </span>
    </p>

    <p class='ocr_par' dir='ltr' id='par_1_16' title="bbox 134 1435 1570 1852">
     <span class='ocr_line' id='line_1_19' title="bbox 134 1435 1527 1492; baseline -0.001 -13"><span class='ocrx_word' id='word_1_140' title='bbox 134 1438 161 1458; x_wconf 76' lang='lat'>‘⁴</span> <span class='ocrx_word' id='word_1_141' title='bbox 183 1438 318 1491; x_wconf 82' lang='lat' dir='ltr'>Tum,</span> <span class='ocrx_word' id='word_1_142' title='bbox 344 1452 482 1492; x_wconf 88' lang='lat' dir='ltr'>quum</span> <span class='ocrx_word' id='word_1_143' title='bbox 503 1437 619 1479; x_wconf 81' lang='lat' dir='ltr'>bella</span> <span class='ocrx_word' id='word_1_144' title='bbox 642 1451 799 1478; x_wconf 86' lang='lat' dir='ltr'>manus</span> <span class='ocrx_word' id='word_1_145' title='bbox 821 1440 1026 1492; x_wconf 83' lang='lat' dir='ltr'>poscunt,</span> <span class='ocrx_word' id='word_1_146' title='bbox 1050 1435 1339 1491; x_wconf 83' lang='lat' dir='ltr'>patribusque</span> <span class='ocrx_word' id='word_1_147' title='bbox 1363 1436 1527 1478; x_wconf 84' lang='lat' dir='ltr'>vocatis</span> 
     </span>
     <span class='ocr_line' id='line_1_20' title="bbox 134 1506 1570 1563; baseline 0 -14"><span class='ocrx_word' id='word_1_148' title='bbox 134 1507 161 1527; x_wconf 73' lang='lat'>‘⁶</span> <span class='ocrx_word' id='word_1_149' title='bbox 181 1508 354 1550; x_wconf 84' lang='lat' dir='ltr'>Primus</span> <span class='ocrx_word' id='word_1_150' title='bbox 379 1508 482 1551; x_wconf 87' lang='lat' dir='ltr'>ades</span> <span class='ocrx_word' id='word_1_151' title='bbox 500 1522 510 1562; x_wconf 80' lang='lat'><em>3</em></span> <span class='ocrx_word' id='word_1_152' title='bbox 548 1508 622 1550; x_wconf 88' lang='lat' dir='ltr'>sed</span> <span class='ocrx_word' id='word_1_153' title='bbox 644 1522 732 1550; x_wconf 90' lang='lat' dir='ltr'>non</span> <span class='ocrx_word' id='word_1_154' title='bbox 754 1507 962 1563; x_wconf 86' lang='lat' dir='ltr'>replenda</span> <span class='ocrx_word' id='word_1_155' title='bbox 984 1512 1050 1549; x_wconf 85' lang='lat' dir='ltr'>est</span> <span class='ocrx_word' id='word_1_156' title='bbox 1074 1507 1195 1549; x_wconf 86' lang='lat' dir='ltr'>curia</span> <span class='ocrx_word' id='word_1_157' title='bbox 1217 1506 1370 1562; x_wconf 85' lang='lat' dir='ltr'>verbis,</span> <span class='ocrx_word' id='word_1_158' title='bbox 1481 1507 1570 1549; x_wconf 84' lang='lat'>380</span> 
     </span>
     <span class='ocr_line' id='line_1_21' title="bbox 135 1578 1449 1635; baseline -0.001 -14"><span class='ocrx_word' id='word_1_159' title='bbox 135 1578 165 1599; x_wconf 82' lang='lat'><strong>“</strong></span> <span class='ocrx_word' id='word_1_160' title='bbox 187 1579 309 1632; x_wconf 78' lang='lat' dir='ltr'>Quae</span> <span class='ocrx_word' id='word_1_161' title='bbox 334 1585 432 1622; x_wconf 83' lang='lat' dir='ltr'>tuto</span> <span class='ocrx_word' id='word_1_162' title='bbox 455 1579 538 1622; x_wconf 88' lang='lat' dir='ltr'>tibi</span> <span class='ocrx_word' id='word_1_163' title='bbox 558 1594 720 1635; x_wconf 86' lang='lat' dir='ltr'>magna</span> <span class='ocrx_word' id='word_1_164' title='bbox 741 1579 907 1634; x_wconf 87' lang='lat' dir='ltr'>volant,</span> <span class='ocrx_word' id='word_1_165' title='bbox 932 1579 1041 1621; x_wconf 88' lang='lat' dir='ltr'>dum</span> <span class='ocrx_word' id='word_1_166' title='bbox 1065 1578 1250 1621; x_wconf 84' lang='lat' dir='ltr'>distinet</span> <span class='ocrx_word' id='word_1_167' title='bbox 1273 1578 1449 1621; x_wconf 86' lang='lat' dir='ltr'>hostem</span> 
     </span>
     <span class='ocr_line' id='line_1_22' title="bbox 136 1649 1347 1708; baseline 0.001 -16"><span class='ocrx_word' id='word_1_168' title='bbox 136 1649 332 1708; x_wconf 86' lang='lat' dir='ltr'>“Agger</span> <span class='ocrx_word' id='word_1_169' title='bbox 353 1665 590 1706; x_wconf 89' lang='lat' dir='ltr'>murorum,</span> <span class='ocrx_word' id='word_1_170' title='bbox 614 1665 693 1694; x_wconf 85' lang='lat' dir='ltr'>nec</span> <span class='ocrx_word' id='word_1_171' title='bbox 716 1650 938 1693; x_wconf 84' lang='lat' dir='ltr'>inundant</span> <span class='ocrx_word' id='word_1_172' title='bbox 961 1649 1173 1706; x_wconf 82' lang='lat' dir='ltr'>sanguine</span> <span class='ocrx_word' id='word_1_173' title='bbox 1195 1649 1347 1693; x_wconf 87' lang='lat' dir='ltr'>fossae.</span> 
     </span>
     <span class='ocr_line' id='line_1_23' title="bbox 134 1720 1452 1778; baseline 0 -15"><span class='ocrx_word' id='word_1_174' title='bbox 134 1720 366 1765; x_wconf 83' lang='lat' dir='ltr'>“Proinde</span> <span class='ocrx_word' id='word_1_175' title='bbox 383 1727 488 1765; x_wconf 90' lang='lat' dir='ltr'>tona</span> <span class='ocrx_word' id='word_1_176' title='bbox 510 1721 681 1778; x_wconf 89' lang='lat' dir='ltr'>eloquio</span> <span class='ocrx_word' id='word_1_177' title='bbox 696 1722 905 1765; x_wconf 90' lang='lat' dir='ltr'>-solitum</span> <span class='ocrx_word' id='word_1_178' title='bbox 927 1721 1043 1764; x_wconf 86' lang='lat' dir='ltr'>tibi·</span> <span class='ocrx_word' id='word_1_179' title='bbox 1057 1734 1214 1777; x_wconf 87' lang='lat' dir='ltr'>meque</span> <span class='ocrx_word' id='word_1_180' title='bbox 1237 1720 1404 1763; x_wconf 86' lang='lat' dir='ltr'>timoris</span> <span class='ocrx_word' id='word_1_181' title='bbox 1444 1745 1452 1749; x_wconf 59' lang='lat'>&gt;</span> 
     </span>
     <span class='ocr_line' id='line_1_24' title="bbox 135 1791 1299 1852; baseline -0.002 -17"><span class='ocrx_word' id='word_1_182' title='bbox 135 1792 326 1849; x_wconf 87' lang='lat' dir='ltr'>“Argue</span> <span class='ocrx_word' id='word_1_183' title='bbox 349 1798 413 1848; x_wconf 75' lang='lat' dir='ltr'>tu,</span> <span class='ocrx_word' id='word_1_184' title='bbox 440 1793 627 1848; x_wconf 85' lang='lat' dir='ltr'>Drance,</span> <span class='ocrx_word' id='word_1_185' title='bbox 652 1792 827 1852; x_wconf 82' lang='lat' dir='ltr'>quando</span> <span class='ocrx_word' id='word_1_186' title='bbox 850 1797 919 1835; x_wconf 85' lang='lat' dir='ltr'>tot</span> <span class='ocrx_word' id='word_1_187' title='bbox 942 1791 1102 1848; x_wconf 85' lang='lat' dir='ltr'>stragis</span> <span class='ocrx_word' id='word_1_188' title='bbox 1125 1805 1299 1834; x_wconf 86' lang='lat' dir='ltr'>acervos</span> 
     </span>
    </p>

    <p class='ocr_par' dir='ltr' id='par_1_17' title="bbox 136 1861 1570 1990">
     <span class='ocr_line' id='line_1_25' title="bbox 136 1861 1570 1918; baseline 0.001 -13"><span class='ocrx_word' id='word_1_189' title='bbox 136 1862 163 1883; x_wconf 83' lang='lat'><strong>“</strong></span> <span class='ocrx_word' id='word_1_190' title='bbox 184 1863 454 1905; x_wconf 82' lang='lat' dir='ltr'>Teucrorum</span> <span class='ocrx_word' id='word_1_191' title='bbox 476 1868 557 1905; x_wconf 86' lang='lat' dir='ltr'>tua</span> <span class='ocrx_word' id='word_1_192' title='bbox 580 1864 737 1906; x_wconf 81' lang='lat' dir='ltr'>dextra</span> <span class='ocrx_word' id='word_1_193' title='bbox 759 1863 902 1916; x_wconf 86' lang='lat' dir='ltr'>dedit,</span> <span class='ocrx_word' id='word_1_194' title='bbox 926 1862 1177 1918; x_wconf 87' lang='lat' dir='ltr'>passimque</span> <span class='ocrx_word' id='word_1_195' title='bbox 1199 1861 1389 1918; x_wconf 88' lang='lat' dir='ltr'>tropaeis</span> <span class='ocrx_word' id='word_1_196' title='bbox 1482 1861 1570 1906; x_wconf 84' lang='lat'>385</span> 
     </span>
     <span class='ocr_line' id='line_1_26' title="bbox 137 1932 1222 1990; baseline -0.001 -15"><span class='ocrx_word' id='word_1_197' title='bbox 137 1932 165 1953; x_wconf 85' lang='lat'>“</span> <span class='ocrx_word' id='word_1_198' title='bbox 183 1933 376 1990; x_wconf 85' lang='lat' dir='ltr'>Insignis</span> <span class='ocrx_word' id='word_1_199' title='bbox 400 1948 535 1989; x_wconf 81' lang='lat' dir='ltr'>agros.</span> <span class='ocrx_word' id='word_1_200' title='bbox 601 1933 747 1976; x_wconf 90' lang='lat' dir='ltr'>Possit</span> <span class='ocrx_word' id='word_1_201' title='bbox 770 1933 879 1988; x_wconf 91' lang='lat' dir='ltr'>quid</span> <span class='ocrx_word' id='word_1_202' title='bbox 900 1932 1047 1975; x_wconf 87' lang='lat' dir='ltr'>vivida</span> <span class='ocrx_word' id='word_1_203' title='bbox 1068 1932 1222 1987; x_wconf 85' lang='lat' dir='ltr'>virtus,</span> 
     </span>
    </p>

    <p class='ocr_par' dir='ltr' id='par_1_18' title="bbox 137 2003 1196 2062">
     <span class='ocr_line' id='line_1_27' title="bbox 137 2003 1196 2062; baseline -0.002 -15"><span class='ocrx_word' id='word_1_204' title='bbox 137 2004 165 2026; x_wconf 72' lang='lat'>‘⁴</span> <span class='ocrx_word' id='word_1_205' title='bbox 185 2004 424 2062; x_wconf 83' lang='lat' dir='ltr'>Experiare</span> <span class='ocrx_word' id='word_1_206' title='bbox 445 2005 548 2047; x_wconf 89' lang='lat' dir='ltr'>licet</span> <span class='ocrx_word' id='word_1_207' title='bbox 565 2019 575 2059; x_wconf 86' lang='lat'>;</span> <span class='ocrx_word' id='word_1_208' title='bbox 609 2015 688 2047; x_wconf 84' lang='lat' dir='ltr'>nec</span> <span class='ocrx_word' id='word_1_209' title='bbox 710 2004 838 2060; x_wconf 90' lang='lat' dir='ltr'>longe</span> <span class='ocrx_word' id='word_1_210' title='bbox 863 2003 1028 2046; x_wconf 89' lang='lat' dir='ltr'>scilicet</span> <span class='ocrx_word' id='word_1_211' title='bbox 1051 2003 1196 2046; x_wconf 85' lang='lat' dir='ltr'>hostes</span> 
     </span>
    </p>

    <p class='ocr_par' dir='ltr' id='par_1_19' title="bbox 138 2074 1328 2130">
     <span class='ocr_line' id='line_1_28' title="bbox 138 2074 1328 2130; baseline -0.001 -12"><span class='ocrx_word' id='word_1_212' title='bbox 138 2075 166 2097; x_wconf 87' lang='lat'><strong>“</strong></span> <span class='ocrx_word' id='word_1_213' title='bbox 187 2076 431 2130; x_wconf 82' lang='lat' dir='ltr'>Quaerendi</span> <span class='ocrx_word' id='word_1_214' title='bbox 453 2075 576 2118; x_wconf 88' lang='lat' dir='ltr'>nobis</span> <span class='ocrx_word' id='word_1_215' title='bbox 597 2089 606 2119; x_wconf 93' lang='lat'><strong>:</strong></span> <span class='ocrx_word' id='word_1_216' title='bbox 643 2074 932 2117; x_wconf 80' lang='lat' dir='ltr'>circumstant</span> <span class='ocrx_word' id='word_1_217' title='bbox 954 2074 1149 2130; x_wconf 88' lang='lat' dir='ltr'>undique</span> <span class='ocrx_word' id='word_1_218' title='bbox 1171 2088 1328 2117; x_wconf 90' lang='lat' dir='ltr'>muros.</span> 
     </span>
    </p>

    <p class='ocr_par' dir='ltr' id='par_1_20' title="bbox 138 2145 1441 2199">
     <span class='ocr_line' id='line_1_29' title="bbox 138 2145 1441 2199; baseline 0 -10"><span class='ocrx_word' id='word_1_219' title='bbox 138 2147 166 2168; x_wconf 71' lang='lat'>‘⁶</span> <span class='ocrx_word' id='word_1_220' title='bbox 185 2147 309 2189; x_wconf 89' lang='lat' dir='ltr'>Imus</span> <span class='ocrx_word' id='word_1_221' title='bbox 331 2147 377 2189; x_wconf 87' lang='lat' dir='ltr'>in</span> <span class='ocrx_word' id='word_1_222' title='bbox 399 2147 598 2189; x_wconf 84' lang='lat' dir='ltr'>adversos</span> <span class='ocrx_word' id='word_1_223' title='bbox 615 2146 839 2199; x_wconf 77' lang='lat' dir='ltr'>?—-Qui‹l</span> <span class='ocrx_word' id='word_1_224' title='bbox 861 2160 1004 2188; x_wconf 82' lang='lat' dir='ltr'>cessas</span> <span class='ocrx_word' id='word_1_225' title='bbox 1024 2146 1044 2188; x_wconf 75' lang='grc' dir='ltr'><em>Ρ</em></span> <span class='ocrx_word' id='word_1_226' title='bbox 1081 2160 1138 2187; x_wconf 87' lang='lat' dir='ltr'>an</span> <span class='ocrx_word' id='word_1_227' title='bbox 1159 2145 1242 2188; x_wconf 90' lang='lat' dir='ltr'>tibi</span> <span class='ocrx_word' id='word_1_228' title='bbox 1265 2145 1441 2189; x_wconf 76' lang='lat' dir='ltr'>Mavors</span> 
     </span>
    </p>

    <p class='ocr_par' dir='ltr' id='par_1_21' title="bbox 138 2216 1573 2346">
     <span class='ocr_line' id='line_1_30' title="bbox 138 2216 1573 2274; baseline 0 -14"><span class='ocrx_word' id='word_1_229' title='bbox 138 2218 165 2240; x_wconf 75' lang='lat'>‘⁴</span> <span class='ocrx_word' id='word_1_230' title='bbox 184 2217 381 2261; x_wconf 83' lang='lat' dir='ltr'>Ventosa</span> <span class='ocrx_word' id='word_1_231' title='bbox 403 2218 449 2260; x_wconf 89' lang='lat' dir='ltr'>in</span> <span class='ocrx_word' id='word_1_232' title='bbox 471 2218 625 2274; x_wconf 86' lang='lat' dir='ltr'>lingua</span> <span class='ocrx_word' id='word_1_233' title='bbox 648 2217 918 2274; x_wconf 82' lang='lat' dir='ltr'>pedibusque</span> <span class='ocrx_word' id='word_1_234' title='bbox 941 2216 1173 2273; x_wconf 80' lang='lat' dir='ltr'>fugacibus</span> <span class='ocrx_word' id='word_1_235' title='bbox 1195 2216 1290 2259; x_wconf 87' lang='lat' dir='ltr'>istis</span> <span class='ocrx_word' id='word_1_236' title='bbox 1485 2218 1510 2259; x_wconf 82' lang='lat'><em>3</em></span> <span class='ocrx_word' id='word_1_237' title='bbox 1518 2217 1573 2260; x_wconf 79' lang='lat'>90</span> 
     </span>
     <span class='ocr_line' id='line_1_31' title="bbox 139 2290 509 2346; baseline 0 -13"><span class='ocrx_word' id='word_1_238' title='bbox 139 2290 165 2311; x_wconf 70' lang='lat'>‘⁶</span> <span class='ocrx_word' id='word_1_239' title='bbox 187 2291 366 2346; x_wconf 81' lang='lat' dir='ltr'>Semper</span> <span class='ocrx_word' id='word_1_240' title='bbox 389 2290 509 2333; x_wconf 77' lang='lat' dir='ltr'>erit?</span> 
     </span>
    </p>

    <p class='ocr_par' dir='ltr' id='par_1_22' title="bbox 140 2359 1541 2488">
     <span class='ocr_line' id='line_1_32' title="bbox 140 2359 1541 2418; baseline -0.003 -14"><span class='ocrx_word' id='word_1_241' title='bbox 140 2362 169 2384; x_wconf 93' lang='lat'><strong>“</strong></span> <span class='ocrx_word' id='word_1_242' title='bbox 188 2363 349 2404; x_wconf 83' lang='lat' dir='ltr'>Pulsus</span> <span class='ocrx_word' id='word_1_243' title='bbox 372 2377 449 2418; x_wconf 81' lang='lat' dir='ltr'>ego</span> <span class='ocrx_word' id='word_1_244' title='bbox 471 2363 491 2405; x_wconf 73' lang='grc' dir='ltr'><em>Ρ</em></span> <span class='ocrx_word' id='word_1_245' title='bbox 527 2366 607 2403; x_wconf 88' lang='lat' dir='ltr'>aut</span> <span class='ocrx_word' id='word_1_246' title='bbox 631 2360 863 2416; x_wconf 84' lang='lat' dir='ltr'>quisquam</span> <span class='ocrx_word' id='word_1_247' title='bbox 886 2360 1054 2415; x_wconf 81' lang='lat' dir='ltr'>merito,</span> <span class='ocrx_word' id='word_1_248' title='bbox 1079 2359 1337 2415; x_wconf 82' lang='lat' dir='ltr'>foedissime,</span> <span class='ocrx_word' id='word_1_249' title='bbox 1363 2359 1541 2415; x_wconf 81' lang='lat' dir='ltr'>pulsum</span> 
     </span>
     <span class='ocr_line' id='line_1_33' title="bbox 143 2430 1331 2488; baseline -0.003 -14"><span class='ocrx_word' id='word_1_250' title='bbox 143 2433 171 2453; x_wconf 69' lang='lat'>‘⁴</span> <span class='ocrx_word' id='word_1_251' title='bbox 190 2433 377 2488; x_wconf 84' lang='lat' dir='ltr'>Arguet,</span> <span class='ocrx_word' id='word_1_252' title='bbox 403 2432 538 2474; x_wconf 84' lang='lat' dir='ltr'>Iliaco</span> <span class='ocrx_word' id='word_1_253' title='bbox 560 2431 782 2474; x_wconf 86' lang='lat' dir='ltr'>tumidum</span> <span class='ocrx_word' id='word_1_254' title='bbox 806 2431 881 2486; x_wconf 88' lang='lat' dir='ltr'>qui</span> <span class='ocrx_word' id='word_1_255' title='bbox 904 2445 1091 2473; x_wconf 80' lang='lat' dir='ltr'>crescere</span> <span class='ocrx_word' id='word_1_256' title='bbox 1117 2430 1331 2486; x_wconf 87' lang='lat' dir='ltr'>Thybrim</span> 
     </span>
    </p>

    <p class='ocr_par' dir='ltr' id='par_1_23' title="bbox 140 2501 1347 2560">
     <span class='ocr_line' id='line_1_34' title="bbox 140 2501 1347 2560; baseline -0.002 -13"><span class='ocrx_word' id='word_1_257' title='bbox 140 2504 167 2524; x_wconf 82' lang='lat'>“</span> <span class='ocrx_word' id='word_1_258' title='bbox 189 2503 422 2560; x_wconf 76' lang='lat' dir='ltr'>Sanguine,</span> <span class='ocrx_word' id='word_1_259' title='bbox 447 2509 492 2546; x_wconf 88' lang='lat' dir='ltr'>et</span> <span class='ocrx_word' id='word_1_260' title='bbox 514 2502 711 2545; x_wconf 86' lang='lat' dir='ltr'>Evandri</span> <span class='ocrx_word' id='word_1_261' title='bbox 735 2507 876 2545; x_wconf 80' lang='lat' dir='ltr'>totam</span> <span class='ocrx_word' id='word_1_262' title='bbox 899 2517 999 2544; x_wconf 88' lang='lat' dir='ltr'>cum</span> <span class='ocrx_word' id='word_1_263' title='bbox 1023 2502 1156 2559; x_wconf 81' lang='lat' dir='ltr'>stirpe</span> <span class='ocrx_word' id='word_1_264' title='bbox 1179 2501 1347 2544; x_wconf 89' lang='lat' dir='ltr'>videbit</span> 
     </span>
    </p>

    <p class='ocr_par' dir='ltr' id='par_1_24' title="bbox 141 2572 1573 2629">
     <span class='ocr_line' id='line_1_35' title="bbox 141 2572 1573 2629; baseline -0.001 -11"><span class='ocrx_word' id='word_1_265' title='bbox 141 2575 168 2596; x_wconf 87' lang='lat'><strong>“</strong></span> <span class='ocrx_word' id='word_1_266' title='bbox 186 2575 473 2618; x_wconf 70' lang='lat' dir='ltr'>procubuisse</span> <span class='ocrx_word' id='word_1_267' title='bbox 496 2574 690 2629; x_wconf 81' lang='lat' dir='ltr'>domum,</span> <span class='ocrx_word' id='word_1_268' title='bbox 715 2577 849 2629; x_wconf 80' lang='lat' dir='ltr'>atquc</span> <span class='ocrx_word' id='word_1_269' title='bbox 873 2579 1028 2616; x_wconf 73' lang='lat' dir='ltr'>exutos</span> <span class='ocrx_word' id='word_1_270' title='bbox 1051 2572 1248 2616; x_wconf 71' lang='lat' dir='ltr'>Arcadas</span> <span class='ocrx_word' id='word_1_271' title='bbox 1270 2572 1402 2616; x_wconf 82' lang='lat' dir='ltr'>armis</span> <span class='ocrx_word' id='word_1_272' title='bbox 1417 2574 1438 2616; x_wconf 73' lang='grc' dir='ltr'>Ρ</span> <span class='ocrx_word' id='word_1_273' title='bbox 1486 2574 1573 2617; x_wconf 85' lang='grc'>395</span> 
     </span>
    </p>
   </div>
  </div>
 </body>
</html>
