1757 2916
580 627 634 670 P.
676 620 938 667 VIRGILII
979 614 1239 662 MARONIS

473 752 1350 842 AENEIDos

654 922 848 968 LIBER
881 917 1174 964 TERTIUS.

771 1064 1060 1080 ——000———

204 1178 231 1202 “
245 1178 495 1233 Postquam
518 1187 583 1216 res
606 1171 739 1215 Asiae
762 1167 1014 1222 Priamique
1038 1169 1232 1207 evertere
1255 1166 1433 1220 gentem

199 1248 482 1294 Immeritam
502 1244 647 1287 visum
670 1240 851 1298 superis,
876 1237 1121 1292 ceciditque
1143 1234 1382 1291 superbum

202 1321 339 1365 Ilium
363 1324 408 1361 et
431 1316 573 1360 omnis
593 1314 731 1356 humo
752 1311 898 1354 fumat
920 1306 1152 1365 Neptunia
1176 1303 1306 1361 Troja
1323 1318 1334 1358 ;

204 1391 389 1435 Diversa
411 1386 565 1431 exsilia
588 1389 632 1427 et
656 1385 848 1427 desertas
871 1392 1073 1436 quaerere
1095 1383 1231 1420 terras
1293 1382 1307 1389 ’

204 1459 417 1518 Auguriis
439 1457 611 1515 agimur
633 1453 802 1508 divum,
827 1451 1100 1505 classemque
1123 1447 1204 1490 sub
1226 1446 1323 1502 ipsa
1615 1443 1642 1486 5

205 1531 442 1576 Antandro
464 1533 510 1571 et
532 1524 751 1581 Phrygiae
773 1521 980 1564 molimur
1001 1508 1226 1562 montibus
1248 1516 1370 1572 Idae,

205 1601 384 1657 Incerti,
408 1614 494 1657 quo
516 1597 611 1641 fata
631 1595 790 1649 ferant,
808 1592 887 1635 ubi
910 1591 1057 1635 sistere
1079 1590 1223 1644 detur,

207 1670 606 1724 Contrahimusque
627 1666 753 1709 viros.
819 1662 913 1706 Vix
934 1661 1079 1719 prima
1098 1659 1322 1715 inceperat
1344 1661 1504 1709 aestas,

205 1744 269 1787 Et
291 1747 420 1800 pater
441 1737 660 1783 Anchises
682 1737 784 1779 dare
805 1733 909 1777 fatis
930 1732 1028 1775 vela
1044 1730 1230 1787 jubebat
1247 1743 1256 1772 z

207 1815 360 1858 Litora
383 1824 521 1867 quum
544 1807 716 1865 patriae
737 1804 971 1848 lacrimans
993 1805 1234 1858 portusque
1257 1798 1454 1854 relinquo
1573 1796 1649 1853 ,10

209 1886 272 1929 Et
293 1895 487 1939 campOS,
509 1878 589 1922 ubi
611 1877 742 1933 Troja
764 1875 862 1918 fuit.
927 1873 1064 1915 Feror
1086 1870 1210 1913 exsul
1231 1869 1277 1911 in
1299 1869 1442 1911 altum

213 1956 329 2000 Cum
351 1952 476 1997 sociis
498 1954 719 2008 gnatoque
741 1943 986 1989 Penatibus
1008 1947 1054 1985 et
1076 1940 1247 1997 magnis
1269 1940 1346 1982 dis.

304 2024 438 2067 Terra
460 2020 612 2079 procul
632 2017 770 2061 vastis
792 2016 952 2059 colitur
974 2011 1193 2056 Mavortia
1216 2010 1406 2067 campis-

214 2097 406 2140 Thraces
428 2097 590 2146 arant-,
614 2089 701 2132 acri
724 2087 947 2144 quondam
969 2088 1152 2141 regnata
1174 2081 1392 2138 Lycurgo,

215 2165 472 2223 Hospitium
493 2161 731 2217 antiquum
755 2157 924 2213 Troiae,
951 2155 1143 2210 sociique
1167 2153 1374 2207 Penates,
1597 2148 1652 2193 15

217 2239 340 2281 Dum
360 2236 538 2279 fortuna
557 2232 670 2275 fuit:
706 2230 818 2273 seror
838 2229 939 2283 huc,
964 2232 1009 2270 et
1031 2227 1157 2269 litore
1180 2238 1312 2267 curvo

217 2307 394 2351 Moenia
413 2306 557 2363 prima
576 2303 684 2358 loco,
703 2301 808 2344 fatis
830 2300 1050 2355 ingressus
1072 2296 1248 2353 iniquis,

219 2378 536 2432 Aeneadasque
557 2387 656 2417 mco
676 2385 836 2415 nomen
857 2371 911 2413 dc
931 2368 1108 2411 nominc
1130 2367 1258 2423 fingo.

220 2452 351 2495 Sacra
374 2448 598 2492 Dionaeae
620 2443 753 2488 matri
775 2442 971 2498 divisque
993 2439 1185 2482 ferebam

220 2520 490 2578 Auspicibus
512 2521 769 2574 coeptorum
790 2525 987 2570 operum,
1012 2521 1256 2566 superoque
1278 2505 1496 2549 nitentem
1599 2504 1659 2546 20

222 2591 488 2638 Coelicolum
509 2588 600 2646 regi
620 2586 875 2634 mactabam
897 2583 943 2627 in
963 2582 1090 2626 litorc
1112 2584 1301 2623 taurum.
