1778 2937
190 129 244 172 18
705 137 938 169 AENEIDos
971 139 1058 170 LIB.
1095 139 1122 169 1.

184 250 336 304 Qualis
357 249 404 292 in
426 249 619 292 Eurotae
641 248 747 305 ripis
771 253 852 291 aut
874 262 953 305 per
968 247 1079 305 juga
1098 247 1266 304 Cynthi

184 322 372 365 Exercet
397 321 546 364 Diana
571 321 735 379 choros,
755 335 890 376 quam
914 320 1033 362 mille
1057 325 1236 362 secutae

184 394 303 436 Hinc
321 399 457 449 atque
479 392 581 436 hinc
605 391 905 448 glomerantur
928 390 1219 435 Oreades-illa
1242 390 1494 447 pharetram
1543 389 1632 434 500

183 464 293 521 Fert
316 465 514 520 humero,
533 464 823 520 gradiensque
846 463 950 505 deas
973 461 1271 518 supereminet
1295 476 1446 504 omnes
1467 475 1478 516 ;

186 537 385 580 Latonae
408 535 600 578 tacitum
622 539 881 592 pertentant
902 534 1067 590 gaudia
1090 538 1290 590 pectus-3

190 608 313 650 Talis
332 613 425 650 erat
450 607 581 662 Dido,
606 606 745 648 talem
768 619 812 648 se
836 605 955 647 laeta
976 604 1144 646 ferebat

187 680 273 721 Per
295 678 475 734 medios,
499 677 670 720 instans
693 675 813 733 operi
834 675 1066 731 regnisque
1088 675 1264 718 futuris.

188 751 309 793 Tum
331 750 499 792 foribus
516 748 655 803 divae,
674 747 822 790 media
843 746 1069 790 testudine
1092 746 1265 804 templi,

188 824 323 879 Septa
347 820 495 877 armis,
520 820 712 876 solioque
735 819 824 862 alte
843 818 1046 875 subnixa,
1071 819 1260 863 resedit..

184 893 298 936 Jura
319 892 456 935 dabat
479 892 685 949 legesque
707 891 824 947 viris,
848 905 1118 948 operumque
1141 891 1336 933 laborem

186 964 398 1007 Partibus
416 963 638 1020 aequabat
654 962 788 1019 justis
811 968 892 1005 aut
915 966 1031 1005 sorte
1054 961 1259 1005 trahebat
1279 976 1288 1006 :

190 1036 340 1089 Quum
362 1036 510 1078 subito
532 1034 706 1077 Aeneas
729 1048 941 1077 concursu
963 1033 1166 1076 accedere
1188 1047 1348 1090 magno

191 1106 374 1150 Anthea
398 1106 740 1162 Sergestumque
762 1105 883 1148 videt
904 1104 1149 1161 fortemque
1175 1104 1449 1148 Cloanthum

191 1177 548 1234 Teucrorumque
571 1177 694 1233 alios,
719 1181 816 1219 ater
839 1191 947 1233 quos
969 1191 1155 1233 aequore
1178 1177 1308 1220 turbo

190 1248 448 1306 Dispulerat
471 1248 738 1306 penitusque
761 1248 868 1291 alias
891 1253 1096 1291 avexerat
1119 1262 1224 1291 oras.

193 1320 446 1377 Obstupuit
470 1320 605 1363 simul
626 1320 734 1377 ipse,
759 1320 891 1363 simul
907 1334 1137 1377 percussus
1160 1319 1359 1363 Achates

189 1392 475 1448 Laetitiaque
497 1397 710 1448 metuque
730 1406 740 1436 :
776 1392 894 1435 avidi
915 1391 1177 1449 conjungere
1199 1392 1379 1435 dextras

188 1463 419 1506 Ardebant
428 1477 440 1518 3
475 1463 550 1506 sed
572 1477 639 1506 res
661 1463 830 1506 animos
852 1463 1078 1520 incognita
1099 1464 1265 1508 turbat.

190 1534 500 1590 Dissimulant,
522 1540 567 1576 et
590 1534 708 1576 nube
725 1549 833 1577 cava
855 1535 1144 1592 speculantur
1165 1535 1332 1591 amicti,

190 1606 313 1659 Quae
335 1606 514 1649 fortuna
536 1606 653 1662 viris,
673 1606 857 1648 classem
881 1620 967 1662 quo
988 1606 1115 1649 litore
1135 1606 1358 1663 linquant,

191 1676 308 1730 Quid
330 1677 509 1719 veniant
533 1676 683 1720 cuncti
702 1691 712 1721 :
749 1691 855 1719 nam
871 1677 979 1719 lecti
999 1677 1187 1720 navibus
1208 1677 1349 1733 ibant,

191 1746 382 1791 Orantes
400 1748 588 1804 veniam,
614 1753 659 1791 et
681 1749 902 1805 templum
924 1748 1113 1791 elamore
1129 1749 1355 1805 petebant.

182 1818 435 1874 *Postquam
456 1818 709 1875 introgressi
731 1825 776 1862 et
798 1834 945 1862 coram
967 1820 1075 1862 data
1098 1820 1223 1876 copia
1244 1820 1369 1863 fandi
1389 1834 1400 1875 ;

192 1889 418 1931 Maximus
440 1889 634 1932 Ilioneus
656 1889 830 1946 placido
853 1890 913 1933 sic
931 1895 1106 1947 pectore
1130 1890 1272 1946 coepit
1295 1905 1305 1935 :
1346 1908 1395 1931 x..

191 1958 222 1981 “
241 1959 277 2003 O
303 1959 464 2016 regina,
489 1975 649 2003 novam
671 1962 743 2005 cui
765 1963 949 2005 condere
971 1962 1154 2021 Jupiter
1174 1962 1329 2005 urbem

190 2029 218 2052 “
233 2030 514 2087 Justitiaque
536 2032 659 2075 dedit
676 2038 831 2090 gentes
852 2034 1019 2077 frenare
1042 2034 1265 2091 superbas,

190 2100 218 2122 ‘⁴
239 2101 374 2144 Troes
397 2108 440 2144 te
459 2102 620 2159 miseri,
644 2104 788 2147 ventis
805 2105 946 2147 maria
968 2105 1115 2148 omnia
1136 2106 1266 2162 vecti,

191 2172 219 2194 ‘⁶
239 2173 428 2217 Oramus
448 2188 458 2218 ε
493 2174 672 2232 prohibe
695 2175 896 2219 infandos
920 2191 945 2219 a
966 2177 1152 2220 navibus
1174 2177 1312 2234 ignes,

190 2242 218 2264 “
237 2243 375 2286 Parce
398 2243 470 2301 pio
486 2245 635 2302 generi
657 2251 701 2288 ct
724 2246 904 2302 propius
928 2262 992 2290 res
1015 2247 1192 2304 adspice
1216 2253 1399 2292 nostras.

190 2313 218 2335 “
238 2314 337 2356 Non
362 2330 439 2358 nos
462 2321 542 2359 aut
563 2316 674 2360 ferro
696 2317 883 2374 Libycos
906 2320 1114 2375 populare
1138 2319 1328 2362 Penates

195 2383 223 2405 “
239 2384 472 2439 Venimus,
496 2393 576 2431 aut
599 2394 750 2445 raptas
773 2390 830 2432 ad
852 2390 983 2432 litora
1006 2396 1174 2433 vertere
1196 2391 1382 2447 praedas
1406 2405 1415 2435 :

192 2455 220 2477 ⁴‘
236 2456 337 2507 Non
360 2473 410 2500 ea
432 2458 497 2502 vis
519 2460 679 2516 animo,
703 2475 782 2504 nec
807 2466 934 2504 tanta
958 2462 1161 2518 superbia
1184 2462 1325 2507 victis.

193 2528 219 2549 “
240 2529 324 2573 Est
347 2530 484 2589 locus,
510 2531 772 2590 Hesperiam
794 2532 922 2577 Graii
944 2534 1200 2591 cognomine
1223 2534 1394 2590 dicunt,

192 2599 221 2623 “
241 2600 376 2644 Terra
398 2602 600 2660 antiqua,
625 2609 781 2661 potens
805 2604 938 2649 armis
961 2610 1097 2662 atque
1118 2605 1251 2649 ubere
1272 2606 1448 2664 glebae-

1521 804 1526 806 ,
1543 746 1632 790 505

1543 1104 1633 1149 510

1541 1820 1631 1864 520

1541 2180 1568 2222 en

1572 2179 1630 2223 sl>

1540 2537 1630 2581 530
