1757 2916
186 117 244 161 60
672 125 901 155 AENEmos
934 125 1020 155 Lm.
1056 125 1120 155 111.

185 237 212 258 “
232 237 453 280 Ledaeam
477 234 748 277 Hermionen
770 232 1226 288 Lacedaemoniosque
1249 232 1528 288 hymenaeos,

187 307 215 328 “
239 307 310 349 Me
332 306 500 349 famulo
522 305 826 360 famulamque
849 303 1020 346 Heleno
1043 302 1289 346 transmisit
1311 301 1573 344 habendam.

185 378 212 399 ‘⁴
231 378 318 421 Ast
342 378 486 432 illum,
511 381 688 433 ereptae
711 390 871 432 magno
894 374 1200 416 inflammatus
1223 387 1366 416 amore
1537 372 1626 415 330

184 448 211 470 “
233 447 444 505 Conjugis
466 452 512 490 et
535 447 745 490 scelerum
767 444 917 487 Furiis
939 445 1150 501 agitatus,
1174 443 1352 488 Orestes

184 519 410 576 “Excipit
432 518 681 572 incautum,
705 515 963 573 patriasque
986 515 1222 558 obtruncat
1244 514 1301 556 ad
1323 529 1431 558 aras

186 590 213 611 “
233 590 376 632 Morte
400 588 681 645 Neoptolemi
705 601 939 643 regnorum
962 585 1134 628 reddita
1156 585 1287 628 cessit

184 661 211 682 ‘⁴
228 661 339 703 Pars
363 659 549 714 Heleno,
575 658 651 714 qui
670 657 888 700 Chaonios
911 655 1167 712 cognomine
1190 669 1382 711 campos,

183 732 210 753 “
229 730 560 785 Chaoniamque
584 742 762 771 omnem
787 727 973 783 Trojano
996 741 1022 768 a
1047 725 1226 769 Chaone
1249 725 1380 781 dixit,
1537 727 1625 770 335

184 804 212 824 “
231 803 535 859 Pergamaque
559 799 834 855 Iliacamque
851 797 970 855 jugis
992 797 1105 839 hanc
1129 797 1302 840 addidit
1326 811 1482 840 arcem.

184 874 210 895 “
230 874 316 919 Sed
338 873 421 915 tibi
445 872 521 928 qui
543 885 721 913 cursum
742 869 881 926 venti,
906 883 1018 926 quae
1039 868 1137 911 fata
1159 868 1331 924 dedere,

184 945 211 965 “
230 945 328 987 Aut
350 944 556 1001 quisnam
577 942 783 999 ignarum
804 940 965 983 nostris
987 941 1094 983 deus
1116 940 1292 996 appulit
1314 939 1400 982 oris
1417 940 1438 982 P

183 1017 209 1038 ‘⁶
234 1017 350 1070 Quid
372 1029 481 1072 puer
502 1013 723 1057 Ascanius
739 1014 760 1056 Ρ
829 1012 1074 1068 Superatne
1090 1011 1112 1054 Ρ
1148 1016 1193 1053 et
1214 1010 1408 1053 vescitur
1429 1024 1550 1066 aura,

184 1088 211 1109 ‘⁴
233 1088 354 1141 Quae
380 1085 461 1128 tibi
477 1085 573 1141 jam
597 1083 828 1140 Troja...·..?
1537 1080 1626 1124 340

183 1159 209 1179 “
229 1159 384 1214 Ecqua
408 1162 563 1199 tamen
585 1169 718 1212 puero
742 1159 809 1197 est
832 1153 1021 1196 amissae
1045 1167 1149 1195 cura
1172 1152 1369 1209 parentis
1387 1153 1409 1196 Ρ

181 1228 213 1252 “
231 1228 407 1286 Ecquid
429 1227 476 1269 in
498 1226 732 1282 antiquam
754 1225 966 1267 virtutem
989 1223 1245 1279 animosque
1268 1223 1413 1266 viriles

183 1299 212 1320 ‘⁶
231 1300 293 1342 Et
318 1303 446 1355 pater
467 1298 642 1340 Aeneas
666 1302 710 1338 et
733 1295 980 1337 avunculus
1004 1294 1170 1336 excitat
1194 1293 1360 1336 Hector
1377 1295 1399 1337 Ρ
1417 1295 1441 1312 '⁷

183 1370 313 1413 Talia
334 1369 551 1412 fundebat
572 1367 808 1410 lacrimans
830 1367 1069 1423 longosque
1092 1365 1237 1408 ciebat

180 1442 412 1484 Incassum
435 1440 583 1494 fietus,
608 1453 749 1494 quum
772 1451 862 1480 sese
885 1452 910 1479 a
932 1437 1162 1479 moenibus
1184 1436 1310 1479 heros
1535 1436 1623 1480 345

181 1510 426 1553 Priamides
449 1509 605 1551 multis
628 1507 826 1550 Helenus
848 1507 1164 1549 comitantibus
1187 1505 1333 1561 affert,

180 1580 485 1638 Agnoscitque
510 1594 624 1635 suos,
648 1579 879 1634 laetusque
902 1578 958 1620 ad
981 1577 1137 1620 limina
1159 1577 1298 1633 ducit,

181 1653 242 1695 Et
265 1652 463 1694 multum
484 1651 688 1693 lacrimas
710 1650 842 1692 verba
863 1649 980 1700 inter
1002 1648 1175 1706 singula
1197 1648 1358 1692 fundit.

183 1718 392 1779 Pfoeedo,
418 1730 462 1765 ct
485 1737 667 1779 parvam
690 1721 869 1777 'frojam
892 1721 1190 1777 simulataque
1214 1721 1387 1778 magnis

180 1795 401 1852 Pergama
424 1799 469 1836 et
492 1798 691 1835 arentem
714 1792 893 1834 Xanthi
915 1792 1170 1849 cognomine
1193 1793 1334 1834 rivum
1531 1793 1621 1835 350

180 1865 399 1920 Agnosco,
422 1863 669 1918 Scaeaeque
692 1863 936 1919 amplector
957 1862 1111 1904 limina
1133 1867 1299 1918 portae.

182 1933 275 1976 Nec
300 1948 387 1976 non
410 1938 455 1975 et
479 1933 639 1975 Teucri
661 1933 776 1975 socia
799 1932 930 1975 simul
951 1933 1059 1976 urbe
1080 1932 1316 1978 fruuntur:

179 2006 284 2048 Illos
310 2005 551 2061 porticibus
573 2018 649 2046 rex
670 2003 915 2060 accipiebat
936 2004 982 2046 in
1004 2004 1164 2060 amplis
1183 2019 1194 2058 3

179 2076 315 2119 Aulai
341 2075 484 2118 medio
506 2075 706 2117 libabant
729 2075 886 2131 pocula
912 2075 1090 2130 Bacchi,

180 2147 404 2204 Impositis
427 2161 532 2189 auro
554 2146 756 2203 dapibus,
783 2151 1042 2203 paterasque
1066 2148 1289 2190 tenebant.
1528 2150 1616 2192 355

268 2217 464 2273 Jamque
481 2217 574 2259 dies
596 2216 794 2273 alterque
817 2217 908 2260 dies
932 2218 1155 2274 processit,
1180 2223 1224 2261 et
1247 2233 1378 2262 aurae

182 2289 292 2331 Vela
315 2294 490 2344 vocant,
516 2287 775 2344 tumidoque
799 2287 982 2330 inflatur
1003 2290 1210 2332 carbasus
1233 2295 1410 2334 austro:

180 2358 264 2401 His
286 2364 435 2401 vatem
458 2359 684 2416 aggredior
705 2358 834 2401 dictis
857 2372 905 2400 ac
931 2359 1039 2402 talia
1063 2375 1250 2416 quaeso:

181 2428 207 2451 ‘⁶
225 2429 486 2487 Trojugena,
510 2431 722 2487 interpres
745 2429 913 2486 divum,
939 2431 1015 2486 qui
1038 2431 1223 2473 numina
1247 2431 1429 2488 Phoebi,

180 2500 310 2555 “Qui
334 2502 544 2558 tripodas,
570 2501 705 2545 Clarii
726 2502 891 2557 laurus,
915 2502 993 2557 qui
1017 2502 1156 2544 sidera
1178 2503 1313 2545 sentis
1528 2503 1616 2546 360

181 2570 207 2592 ‘⁴
226 2572 289 2614 Et
311 2573 539 2615 volucrum
562 2572 735 2629 linguas
758 2578 803 2614 et
827 2573 1044 2628 praepetis
1067 2574 1214 2616 omina
1237 2589 1420 2631 pennae,
