1757 2916
187 107 245 151 62
692 115 921 147 AENEIDOS
953 115 1040 146 Lm.
1075 114 1140 144 111.

187 227 216 249 “
234 227 330 270 Has
353 232 506 270 autem
529 230 670 269 terras
694 224 888 280 Italique
910 223 1023 266 hane
1046 221 1185 265 litoris
1208 234 1342 276 oram,

187 297 440 340 “Proxima
463 311 575 353 quae
597 295 736 338 nostri
757 293 1040 351 perfunditur
1062 292 1261 348 aequmis
1284 296 1426 347 aestu,

187 368 216 390 “
233 368 419 425 Effuge:
455 373 617 411 cuncta
641 366 769 409 malis
792 365 1055 408 habitantur
1077 363 1248 406 moenia
1271 362 1430 406 Graiis.

186 439 214 461 ‘⁶
233 440 319 483 Hic
344 445 388 482 et
411 438 592 494 Narycii
614 441 855 493 posuerunt
878 435 1050 478 moenia
1072 434 1214 489 Locri,

187 510 214 531 “
229 511 292 553 Et
318 504 583 554 Sallentinos
606 507 775 550 obsedit
796 505 939 548 milite
962 520 1140 562 campos
1536 500 1626 544 400

188 581 415 638 “Lyctius
440 580 728 632 Idomeneus3
762 577 831 619 hic
855 577 930 619 illa
953 576 1076 619 ducis
1099 575 1304 618 Meliboei

188 652 214 673 “
234 653 379 695 Parva
402 651 677 693 Philoctetae
701 648 891 691 subnixa
913 647 1085 689 Petelia
1107 660 1244 688 muro.

187 723 216 744 “
237 723 355 776 Quin
378 721 457 764 ubi
480 719 762 762 transmissae
787 717 991 760 steterint
1014 722 1136 759 trans
1159 730 1348 772 aequora
1370 715 1541 771 classes,

187 794 215 815 ‘⁶
234 794 297 836 Et
319 792 473 849 positis
496 791 580 834 aris
597 790 693 847 jam
714 794 818 832 vota
839 789 886 831 in
906 788 1032 831 litore
1055 788 1221 842 solves3

188 865 215 886 ‘⁶
235 865 463 921 Purpureo
484 863 626 905 velare
650 875 796 904 comas
818 860 1054 917 adopertus
1076 858 1260 914 amictu,
1537 854 1626 899 405

189 936 219 958 “
238 936 308 979 Ne
331 950 420 992 qua
441 935 556 977 inter
578 937 751 977 sanctos
773 928 966 989 ignes‘in
986 930 1147 973 honore
1170 930 1352 972 deorum

188 1007 216 1028 ‘⁶
235 1006 425 1049 Hostilis
446 1005 578 1047 facies
601 1007 800 1047 occurrat
822 1007 867 1045 et
891 1001 1038 1044 omina
1059 1000 1222 1043 turbet.

188 1077 216 1098 ‘⁶
234 1077 368 1119 Hune
392 1075 495 1119 socii
515 1089 681 1118 morem
704 1087 937 1128 sacrorum,
961 1072 1079 1114 hunc
1099 1071 1192 1127 ipse
1214 1074 1366 1113 teneto
1386 1084 1397 1124 3

188 1148 216 1170 “
232 1148 329 1190 Hac
353 1147 464 1190 casti
485 1150 695 1188 maneant
718 1145 765 1187 in
785 1144 992 1200 religione
1014 1147 1208 1199 nepotes.

189 1219 320 1262 “Ast
342 1218 420 1260 ubi
441 1218 685 1274 digressum
710 1215 884 1259 Siculae
907 1219 952 1256 te
976 1212 1217 1256 admoverit
1242 1226 1341 1254 orae
1538 1211 1628 1254 410

189 1290 220 1311 ‘⁶
235 1290 425 1344 Ventus,
450 1294 495 1330 et
518 1286 698 1344 angusti
720 1290 940 1328 rarescent
962 1285 1156 1327 claustra
1179 1282 1353 1337 Pelori3

190 1360 216 1381 ‘⁴
234 1360 382 1403 Laeva
406 1358 485 1401 tibi
507 1358 640 1400 tellus
664 1361 709 1399 et
731 1357 860 1413 longo
882 1356 1008 1398 laeva
1030 1360 1246 1412 petantur

191 1431 218 1453 “
238 1432 444 1486 Aequora
467 1429 669 1483 circuitu,
694 1428 903 1470 dextrum
923 1426 1025 1482 fuge
1046 1426 1155 1468 litus
1177 1430 1222 1468 et
1246 1425 1401 1468 undas.

191 1501 222 1522 ‘⁴
242 1500 364 1542 Haec
386 1499 480 1540 loca
501 1498 545 1540 vi
567 1497 788 1553 quondam
812 1501 857 1538 et
880 1501 1009 1538 vasta
1031 1495 1239 1537 convulsa
1260 1494 1410 1537 ruina-

191 1570 216 1590 “
237 1570 436 1612 Tantum
457 1567 554 1610 aevi
575 1565 818 1622 longinqua
839 1565 959 1607 valet
981 1569 1153 1607 mutare
1175 1568 1397 1606 vetustas-
1540 1563 1629 1608 415

190 1641 217 1662 ‘⁶
239 1638 488 1683 Dissiluisse
520 1637 684 1692 ferunt,
723 1651 862 1692 quum
885 1641 1093 1692 protenus
1114 1640 1301 1690 utraque
1326 1635 1459 1677 tellus

191 1711 218 1732 “
237 1711 341 1754 Una
362 1710 474 1753 foret
494 1723 506 1764 3
540 1708 663 1751 venit
685 1707 830 1769 medio
851 1707 896 1749 vi
917 1712 1094 1763 pontus,
1116 1711 1161 1748 et
1183 1705 1315 1748 undis

192 1782 219 1803 ‘⁶
239 1780 506 1837 Hesperium
531 1779 676 1823 Siculo
697 1779 818 1821 latus
840 1777 1043 1832 abscidit,
1067 1791 1257 1832 arvaque
1282 1781 1328 1819 et
1352 1776 1487 1819 urbes

192 1853 218 1873 ‘⁶
237 1852 388 1894 Litore
410 1851 616 1893 diductas
637 1855 828 1906 angusto
850 1848 1054 1891 interluit
1078 1852 1216 1890 aestu,

193 1923 219 1943 ‘⁶
237 1923 459 1964 Dextrum
484 1919 630 1976 Scylla
650 1919 782 1974 latus,
805 1919 980 1961 laevum
1001 1918 1243 1974 implacata
1267 1916 1515 1973 Charybdis
1537 1916 1628 1960 420

194 1993 220 2014 “
238 1992 434 2047 Obsidet,
459 1996 595 2047 atque
617 1990 706 2032 imo
727 1989 926 2032 barathri
949 1994 1015 2031 ter
1036 1989 1209 2046 gurgite
1231 1994 1378 2032 vastos

194 2064 221 2085 ‘⁴
241 2064 394 2108 Sorbet
416 2062 464 2104 in
485 2063 727 2117 abruptum
748 2061 927 2116 fluctus,
953 2070 1190 2116 rursusque
1213 2061 1294 2103 sub
1318 2075 1448 2104 auras

196 2136 223 2156 ‘⁶
241 2134 385 2192 Erigit
407 2134 597 2176 alternos
620 2137 665 2174 et
689 2132 828 2175 sidera
850 2132 1051 2174 verberat
1075 2131 1207 2176 unda.

196 2207 223 2228 ‘⁶
240 2207 306 2250 At
332 2206 526 2262 Scyllam
548 2204 687 2247 caecis
710 2203 883 2246 cohibet
906 2204 1114 2260 spelunca
1137 2203 1337 2258 latebris,

195 2279 225 2300 “
243 2278 332 2322 Ora
353 2281 650 2321 exsertantem
672 2282 716 2318 et
740 2289 872 2317 naves
894 2274 939 2316 in
962 2290 1068 2317 saxa
1094 2274 1346 2317 trahentem
1367 2289 1375 2318 :
1546 2274 1632 2318 425

197 2349 224 2370 “
244 2349 394 2392 Prima
416 2347 604 2391 hominis
626 2346 758 2389 facies
781 2352 825 2388 et
850 2346 1031 2401 pulchro
1055 2351 1227 2402 pectore
1252 2346 1371 2402 virgo

198 2422 224 2443 ‘⁴
244 2422 370 2464 Pube
393 2426 524 2463 tenus
545 2434 555 2474 3
590 2423 812 2476 postrema
835 2418 1020 2459 immani
1042 2432 1215 2474 corpore
1240 2417 1413 2473 pistrix,

199 2493 226 2514 ‘⁶
247 2493 522 2550 Delphinum
544 2491 705 2534 caudas
727 2495 852 2548 utero
875 2490 1107 2532 commissa
1131 2490 1350 2545 luporum.

199 2564 225 2586 “
246 2564 455 2607 Praestat
479 2560 693 2605 Trinacrii
716 2565 857 2603 melas
879 2560 1066 2602 lustrare
1093 2559 1292 2616 Pachyni
