<?xml version="1.0" encoding="UTF-8"?>
<!DOCTYPE html PUBLIC "-//W3C//DTD XHTML 1.0 Transitional//EN"
    "http://www.w3.org/TR/xhtml1/DTD/xhtml1-transitional.dtd">
<html xmlns="http://www.w3.org/1999/xhtml" xml:lang="en" lang="en">
 <head>
  <title>
</title>
<meta http-equiv="Content-Type" content="text/html;charset=utf-8" />
  <meta name='ocr-system' content='tesseract 3.04.00' />
  <meta name='ocr-capabilities' content='ocr_page ocr_carea ocr_par ocr_line ocrx_word'/>
</head>
<body>
  <div class='ocr_page' id='page_1' title='image "aeneidfri00virguoft_0250.png"; bbox 0 0 1757 2916; ppageno 0'>
   <div class='ocr_carea' id='block_1_1' title="bbox 164 137 1093 182">
    <p class='ocr_par' dir='ltr' id='par_1_1' title="bbox 164 137 1093 182">
     <span class='ocr_line' id='line_1_1' title="bbox 164 137 1093 182; baseline -0.002 -1"><span class='ocrx_word' id='word_1_1' title='bbox 164 137 257 182; x_wconf 86' lang='lat'>224</span> <span class='ocrx_word' id='word_1_2' title='bbox 663 148 893 179; x_wconf 69' lang='lat' dir='ltr'>Annmnos</span> <span class='ocrx_word' id='word_1_3' title='bbox 926 149 1013 180; x_wconf 85' lang='lat' dir='ltr'><strong>LIB.</strong></span> <span class='ocrx_word' id='word_1_4' title='bbox 1050 149 1093 179; x_wconf 83' lang='lat' dir='ltr'>x.</span> 
     </span>
    </p>
   </div>
   <div class='ocr_carea' id='block_1_2' title="bbox 134 255 1359 598">
    <p class='ocr_par' dir='ltr' id='par_1_2' title="bbox 134 255 1359 454">
     <span class='ocr_line' id='line_1_2' title="bbox 163 255 1359 315; baseline -0.002 -13"><span class='ocrx_word' id='word_1_5' title='bbox 163 258 376 302; x_wconf 77' lang='lat' dir='ltr'><strong>Imminet</strong></span> <span class='ocrx_word' id='word_1_6' title='bbox 398 258 483 302; x_wconf 84' lang='lat' dir='ltr'>Ida</span> <span class='ocrx_word' id='word_1_7' title='bbox 505 272 648 315; x_wconf 87' lang='lat' dir='ltr'>super,</span> <span class='ocrx_word' id='word_1_8' title='bbox 673 257 869 315; x_wconf 87' lang='lat' dir='ltr'>profugis</span> <span class='ocrx_word' id='word_1_9' title='bbox 890 257 1143 314; x_wconf 83' lang='lat' dir='ltr'>gratissima</span> <span class='ocrx_word' id='word_1_10' title='bbox 1167 255 1359 300; x_wconf 82' lang='lat' dir='ltr'>Teucris.</span> 
     </span>
     <span class='ocr_line' id='line_1_3' title="bbox 134 328 1281 387; baseline -0.003 -14"><span class='ocrx_word' id='word_1_11' title='bbox 134 353 137 355; x_wconf 39' lang='lat'><em>*</em></span> <span class='ocrx_word' id='word_1_12' title='bbox 163 330 250 373; x_wconf 87' lang='lat' dir='ltr'>Hic</span> <span class='ocrx_word' id='word_1_13' title='bbox 275 345 462 387; x_wconf 88' lang='lat' dir='ltr'>magnus</span> <span class='ocrx_word' id='word_1_14' title='bbox 487 330 608 372; x_wconf 87' lang='lat' dir='ltr'>sedet</span> <span class='ocrx_word' id='word_1_15' title='bbox 632 328 821 383; x_wconf 82' lang='lat' dir='ltr'>Aeneas,</span> <span class='ocrx_word' id='word_1_16' title='bbox 847 342 1083 384; x_wconf 75' lang='lat' dir='ltr'>secumque</span> <span class='ocrx_word' id='word_1_17' title='bbox 1107 328 1281 370; x_wconf 86' lang='lat' dir='ltr'>volutat</span> 
     </span>
     <span class='ocr_line' id='line_1_4' title="bbox 163 399 1150 454; baseline -0.002 -10"><span class='ocrx_word' id='word_1_18' title='bbox 163 401 363 444; x_wconf 80' lang='lat' dir='ltr'>Eventus</span> <span class='ocrx_word' id='word_1_19' title='bbox 384 401 490 444; x_wconf 83' lang='lat' dir='ltr'>belli</span> <span class='ocrx_word' id='word_1_20' title='bbox 512 400 649 443; x_wconf 79' lang='lat' dir='ltr'>varios</span> <span class='ocrx_word' id='word_1_21' title='bbox 671 415 681 454; x_wconf 89' lang='lat'>;</span> <span class='ocrx_word' id='word_1_22' title='bbox 718 399 952 454; x_wconf 77' lang='lat' dir='ltr'>Pallasque</span> <span class='ocrx_word' id='word_1_23' title='bbox 976 399 1150 442; x_wconf 86' lang='lat' dir='ltr'>sinistro</span> 
     </span>
    </p>

    <p class='ocr_par' dir='ltr' id='par_1_3' title="bbox 165 470 1166 527">
     <span class='ocr_line' id='line_1_5' title="bbox 165 470 1166 527; baseline -0.004 -12"><span class='ocrx_word' id='word_1_24' title='bbox 165 473 344 516; x_wconf 83' lang='lat' dir='ltr'>Affixus</span> <span class='ocrx_word' id='word_1_25' title='bbox 366 472 495 514; x_wconf 84' lang='lat' dir='ltr'>lateri</span> <span class='ocrx_word' id='word_1_26' title='bbox 512 471 607 527; x_wconf 85' lang='lat' dir='ltr'>jam</span> <span class='ocrx_word' id='word_1_27' title='bbox 631 470 804 526; x_wconf 82' lang='lat' dir='ltr'>quaerit</span> <span class='ocrx_word' id='word_1_28' title='bbox 829 470 981 525; x_wconf 86' lang='lat' dir='ltr'>sidera,</span> <span class='ocrx_word' id='word_1_29' title='bbox 1005 484 1166 526; x_wconf 81' lang='lat' dir='ltr'>opacae</span> 
     </span>
    </p>

    <p class='ocr_par' dir='ltr' id='par_1_4' title="bbox 166 539 1330 598">
     <span class='ocr_line' id='line_1_6' title="bbox 166 539 1330 598; baseline -0.003 -11"><span class='ocrx_word' id='word_1_30' title='bbox 166 543 322 587; x_wconf 82' lang='lat' dir='ltr'>Noctis</span> <span class='ocrx_word' id='word_1_31' title='bbox 345 544 441 598; x_wconf 86' lang='lat' dir='ltr'>iter,</span> <span class='ocrx_word' id='word_1_32' title='bbox 461 542 556 598; x_wconf 84' lang='lat' dir='ltr'>jam</span> <span class='ocrx_word' id='word_1_33' title='bbox 580 555 690 597; x_wconf 87' lang='lat' dir='ltr'>quae</span> <span class='ocrx_word' id='word_1_34' title='bbox 713 555 870 597; x_wconf 86' lang='lat' dir='ltr'>passus</span> <span class='ocrx_word' id='word_1_35' title='bbox 892 545 1098 596; x_wconf 88' lang='lat' dir='ltr'>terraque</span> <span class='ocrx_word' id='word_1_36' title='bbox 1120 539 1330 594; x_wconf 84' lang='lat' dir='ltr'>marique.</span> 
     </span>
    </p>
   </div>
   <div class='ocr_carea' id='block_1_3' title="bbox 258 611 1470 667">
    <p class='ocr_par' dir='ltr' id='par_1_5' title="bbox 258 611 1470 667">
     <span class='ocr_line' id='line_1_7' title="bbox 258 611 1470 667; baseline -0.002 -11"><span class='ocrx_word' id='word_1_37' title='bbox 258 614 448 656; x_wconf 83' lang='lat' dir='ltr'>Pandite</span> <span class='ocrx_word' id='word_1_38' title='bbox 471 627 589 654; x_wconf 87' lang='lat' dir='ltr'>nunc</span> <span class='ocrx_word' id='word_1_39' title='bbox 613 611 843 667; x_wconf 89' lang='lat' dir='ltr'>Helicona,</span> <span class='ocrx_word' id='word_1_40' title='bbox 868 611 988 665; x_wconf 86' lang='lat' dir='ltr'>deae,</span> <span class='ocrx_word' id='word_1_41' title='bbox 1013 616 1260 667; x_wconf 87' lang='lat' dir='ltr'>cantusque</span> <span class='ocrx_word' id='word_1_42' title='bbox 1283 616 1470 666; x_wconf 87' lang='lat' dir='ltr'>movete,</span> 
     </span>
    </p>
   </div>
   <div class='ocr_carea' id='block_1_4' title="bbox 165 682 1456 2654">
    <p class='ocr_par' dir='ltr' id='par_1_6' title="bbox 165 682 1405 1095">
     <span class='ocr_line' id='line_1_8' title="bbox 168 682 1289 740; baseline -0.004 -12"><span class='ocrx_word' id='word_1_43' title='bbox 168 686 289 740; x_wconf 80' lang='lat' dir='ltr'>Quae</span> <span class='ocrx_word' id='word_1_44' title='bbox 312 699 469 727; x_wconf 89' lang='lat' dir='ltr'>manus</span> <span class='ocrx_word' id='word_1_45' title='bbox 492 682 662 726; x_wconf 86' lang='lat' dir='ltr'>interea</span> <span class='ocrx_word' id='word_1_46' title='bbox 686 683 842 725; x_wconf 82' lang='lat' dir='ltr'>Tuscis</span> <span class='ocrx_word' id='word_1_47' title='bbox 865 682 1102 725; x_wconf 86' lang='lat' dir='ltr'>comitetur</span> <span class='ocrx_word' id='word_1_48' title='bbox 1124 682 1180 725; x_wconf 88' lang='lat' dir='ltr'>ab</span> <span class='ocrx_word' id='word_1_49' title='bbox 1204 682 1289 724; x_wconf 86' lang='lat' dir='ltr'>oris</span> 
     </span>
     <span class='ocr_line' id='line_1_9' title="bbox 165 753 1264 810; baseline -0.001 -12"><span class='ocrx_word' id='word_1_50' title='bbox 165 757 364 808; x_wconf 87' lang='lat' dir='ltr'>Aenean,</span> <span class='ocrx_word' id='word_1_51' title='bbox 390 759 618 810; x_wconf 87' lang='lat' dir='ltr'>armetque</span> <span class='ocrx_word' id='word_1_52' title='bbox 640 758 773 809; x_wconf 88' lang='lat' dir='ltr'>rates,</span> <span class='ocrx_word' id='word_1_53' title='bbox 798 753 1042 810; x_wconf 79' lang='lat' dir='ltr'>pelagoque</span> <span class='ocrx_word' id='word_1_54' title='bbox 1065 754 1264 797; x_wconf 77' lang='lat' dir='ltr'>vehatur.</span> 
     </span>
     <span class='ocr_line' id='line_1_10' title="bbox 165 825 1314 883; baseline -0.002 -14"><span class='ocrx_word' id='word_1_55' title='bbox 165 827 382 869; x_wconf 78' lang='lat' dir='ltr'>Massicus</span> <span class='ocrx_word' id='word_1_56' title='bbox 407 831 561 868; x_wconf 88' lang='lat' dir='ltr'>aerata</span> <span class='ocrx_word' id='word_1_57' title='bbox 583 825 786 883; x_wconf 87' lang='lat' dir='ltr'>princeps</span> <span class='ocrx_word' id='word_1_58' title='bbox 809 831 929 868; x_wconf 85' lang='lat' dir='ltr'>secat</span> <span class='ocrx_word' id='word_1_59' title='bbox 951 839 1141 881; x_wconf 88' lang='lat' dir='ltr'>aequora</span> <span class='ocrx_word' id='word_1_60' title='bbox 1165 825 1286 882; x_wconf 81' lang='lat' dir='ltr'>Tigri</span> <span class='ocrx_word' id='word_1_61' title='bbox 1306 840 1314 868; x_wconf 92' lang='lat'>:</span> 
     </span>
     <span class='ocr_line' id='line_1_11' title="bbox 168 895 1405 953; baseline -0.002 -13"><span class='ocrx_word' id='word_1_62' title='bbox 168 897 260 941; x_wconf 79' lang='lat' dir='ltr'>Sub</span> <span class='ocrx_word' id='word_1_63' title='bbox 282 912 369 953; x_wconf 90' lang='lat' dir='ltr'>quo</span> <span class='ocrx_word' id='word_1_64' title='bbox 391 896 513 939; x_wconf 87' lang='lat' dir='ltr'>mille</span> <span class='ocrx_word' id='word_1_65' title='bbox 535 910 695 938; x_wconf 89' lang='lat' dir='ltr'>manus</span> <span class='ocrx_word' id='word_1_66' title='bbox 713 895 945 952; x_wconf 84' lang='lat' dir='ltr'>juvenum,</span> <span class='ocrx_word' id='word_1_67' title='bbox 970 895 1047 952; x_wconf 91' lang='lat' dir='ltr'>qui</span> <span class='ocrx_word' id='word_1_68' title='bbox 1068 895 1241 938; x_wconf 88' lang='lat' dir='ltr'>moenia</span> <span class='ocrx_word' id='word_1_69' title='bbox 1265 895 1405 951; x_wconf 78' lang='lat' dir='ltr'>Clusi,</span> 
     </span>
     <span class='ocr_line' id='line_1_12' title="bbox 168 966 1352 1024; baseline -0.001 -14"><span class='ocrx_word' id='word_1_70' title='bbox 168 967 341 1024; x_wconf 81' lang='lat' dir='ltr'>Quique</span> <span class='ocrx_word' id='word_1_71' title='bbox 363 968 518 1010; x_wconf 87' lang='lat' dir='ltr'>urbem</span> <span class='ocrx_word' id='word_1_72' title='bbox 539 966 705 1023; x_wconf 83' lang='lat' dir='ltr'>liquere</span> <span class='ocrx_word' id='word_1_73' title='bbox 730 967 863 1010; x_wconf 88' lang='lat' dir='ltr'>Cosas</span> <span class='ocrx_word' id='word_1_74' title='bbox 880 981 891 1022; x_wconf 83' lang='lat'>;</span> <span class='ocrx_word' id='word_1_75' title='bbox 927 970 1026 1022; x_wconf 81' lang='lat' dir='ltr'>quis</span> <span class='ocrx_word' id='word_1_76' title='bbox 1049 967 1139 1009; x_wconf 89' lang='lat' dir='ltr'>tela</span> <span class='ocrx_word' id='word_1_77' title='bbox 1161 967 1352 1024; x_wconf 73' lang='lat' dir='ltr'>sagittae</span> 
     </span>
     <span class='ocr_line' id='line_1_13' title="bbox 168 1038 1165 1095; baseline 0 -13"><span class='ocrx_word' id='word_1_78' title='bbox 168 1039 414 1095; x_wconf 79' lang='lat' dir='ltr'>Gorytique</span> <span class='ocrx_word' id='word_1_79' title='bbox 437 1039 553 1081; x_wconf 87' lang='lat' dir='ltr'>leves</span> <span class='ocrx_word' id='word_1_80' title='bbox 575 1038 771 1081; x_wconf 89' lang='lat' dir='ltr'>humeris</span> <span class='ocrx_word' id='word_1_81' title='bbox 794 1043 838 1081; x_wconf 89' lang='lat' dir='ltr'>et</span> <span class='ocrx_word' id='word_1_82' title='bbox 861 1039 1005 1081; x_wconf 87' lang='lat' dir='ltr'>letifer</span> <span class='ocrx_word' id='word_1_83' title='bbox 1026 1053 1165 1082; x_wconf 88' lang='lat' dir='ltr'>arcus.</span> 
     </span>
    </p>

    <p class='ocr_par' dir='ltr' id='par_1_7' title="bbox 170 1109 1360 1308">
     <span class='ocr_line' id='line_1_14' title="bbox 173 1109 1360 1166; baseline -0.002 -12"><span class='ocrx_word' id='word_1_84' title='bbox 173 1111 278 1154; x_wconf 89' lang='lat' dir='ltr'>Una</span> <span class='ocrx_word' id='word_1_85' title='bbox 302 1116 453 1153; x_wconf 79' lang='lat' dir='ltr'>torvus</span> <span class='ocrx_word' id='word_1_86' title='bbox 475 1110 598 1152; x_wconf 88' lang='lat' dir='ltr'>Abas</span> <span class='ocrx_word' id='word_1_87' title='bbox 619 1125 627 1153; x_wconf 95' lang='lat'>:</span> <span class='ocrx_word' id='word_1_88' title='bbox 662 1110 766 1152; x_wconf 89' lang='lat' dir='ltr'>huic</span> <span class='ocrx_word' id='word_1_89' title='bbox 790 1115 938 1161; x_wconf 91' lang='lat' dir='ltr'>totum</span> <span class='ocrx_word' id='word_1_90' title='bbox 961 1109 1207 1166; x_wconf 83' lang='lat' dir='ltr'>insignibus</span> <span class='ocrx_word' id='word_1_91' title='bbox 1229 1109 1360 1152; x_wconf 83' lang='lat' dir='ltr'>armis</span> 
     </span>
     <span class='ocr_line' id='line_1_15' title="bbox 170 1180 1243 1240; baseline -0.001 -15"><span class='ocrx_word' id='word_1_92' title='bbox 170 1183 345 1240; x_wconf 87' lang='lat' dir='ltr'>Agmcn</span> <span class='ocrx_word' id='word_1_93' title='bbox 368 1187 412 1224; x_wconf 91' lang='lat' dir='ltr'>et</span> <span class='ocrx_word' id='word_1_94' title='bbox 436 1187 591 1224; x_wconf 88' lang='lat' dir='ltr'>aurato</span> <span class='ocrx_word' id='word_1_95' title='bbox 612 1182 812 1238; x_wconf 83' lang='lat' dir='ltr'>fulgebat</span> <span class='ocrx_word' id='word_1_96' title='bbox 837 1181 1046 1238; x_wconf 86' lang='lat' dir='ltr'>Apolline</span> <span class='ocrx_word' id='word_1_97' title='bbox 1069 1180 1243 1237; x_wconf 81' lang='lat' dir='ltr'>puppis.</span> 
     </span>
     <span class='ocr_line' id='line_1_16' title="bbox 174 1252 1171 1308; baseline -0.004 -11"><span class='ocrx_word' id='word_1_98' title='bbox 174 1255 414 1298; x_wconf 78' lang='lat' dir='ltr'>Sexcentos</span> <span class='ocrx_word' id='word_1_99' title='bbox 436 1253 500 1295; x_wconf 90' lang='lat' dir='ltr'>illi</span> <span class='ocrx_word' id='word_1_100' title='bbox 522 1253 704 1295; x_wconf 83' lang='lat' dir='ltr'>dederat</span> <span class='ocrx_word' id='word_1_101' title='bbox 728 1252 976 1308; x_wconf 88' lang='lat' dir='ltr'>Populonia</span> <span class='ocrx_word' id='word_1_102' title='bbox 997 1257 1139 1294; x_wconf 89' lang='lat' dir='ltr'>mater</span> <span class='ocrx_word' id='word_1_103' title='bbox 1167 1288 1171 1293; x_wconf 93' lang='lat'>.</span> 
     </span>
    </p>

    <p class='ocr_par' dir='ltr' id='par_1_8' title="bbox 170 1323 1206 1381">
     <span class='ocr_line' id='line_1_17' title="bbox 170 1323 1206 1381; baseline -0.003 -13"><span class='ocrx_word' id='word_1_104' title='bbox 170 1325 392 1381; x_wconf 77' lang='lat' dir='ltr'>Expertes</span> <span class='ocrx_word' id='word_1_105' title='bbox 413 1323 518 1367; x_wconf 88' lang='lat' dir='ltr'>belli</span> <span class='ocrx_word' id='word_1_106' title='bbox 535 1323 743 1380; x_wconf 67' lang='lat' dir='ltr'>juvenes,</span> <span class='ocrx_word' id='word_1_107' title='bbox 778 1328 845 1366; x_wconf 81' lang='lat' dir='ltr'>ast</span> <span class='ocrx_word' id='word_1_108' title='bbox 868 1323 965 1366; x_wconf 82' lang='lat' dir='ltr'>Ilva</span> <span class='ocrx_word' id='word_1_109' title='bbox 988 1327 1206 1365; x_wconf 86' lang='lat' dir='ltr'>trecentos</span> 
     </span>
    </p>

    <p class='ocr_par' dir='ltr' id='par_1_9' title="bbox 173 1394 1398 1595">
     <span class='ocr_line' id='line_1_18' title="bbox 174 1394 1367 1451; baseline 0 -13"><span class='ocrx_word' id='word_1_110' title='bbox 174 1396 338 1451; x_wconf 81' lang='lat' dir='ltr'>Insula,</span> <span class='ocrx_word' id='word_1_111' title='bbox 362 1395 639 1437; x_wconf 76' lang='lat' dir='ltr'>inexhaustis</span> <span class='ocrx_word' id='word_1_112' title='bbox 663 1395 914 1449; x_wconf 82' lang='lat' dir='ltr'>Chalybum</span> <span class='ocrx_word' id='word_1_113' title='bbox 936 1409 1142 1451; x_wconf 88' lang='lat' dir='ltr'>generosa</span> <span class='ocrx_word' id='word_1_114' title='bbox 1165 1394 1367 1438; x_wconf 85' lang='lat' dir='ltr'>metallis.</span> 
     </span>
     <span class='ocr_line' id='line_1_19' title="bbox 173 1464 1398 1522; baseline -0.002 -13"><span class='ocrx_word' id='word_1_115' title='bbox 173 1467 366 1522; x_wconf 85' lang='lat' dir='ltr'>Tertius,</span> <span class='ocrx_word' id='word_1_116' title='bbox 391 1467 466 1508; x_wconf 89' lang='lat' dir='ltr'>ille</span> <span class='ocrx_word' id='word_1_117' title='bbox 488 1466 716 1508; x_wconf 87' lang='lat' dir='ltr'>hominum</span> <span class='ocrx_word' id='word_1_118' title='bbox 739 1466 980 1521; x_wconf 57' lang='lat' dir='ltr'>divtimque</span> <span class='ocrx_word' id='word_1_119' title='bbox 1002 1465 1215 1522; x_wconf 83' lang='lat' dir='ltr'>interpres</span> <span class='ocrx_word' id='word_1_120' title='bbox 1237 1464 1398 1521; x_wconf 88' lang='lat' dir='ltr'>Asilas,</span> 
     </span>
     <span class='ocr_line' id='line_1_20' title="bbox 174 1537 1243 1595; baseline -0.003 -14"><span class='ocrx_word' id='word_1_121' title='bbox 174 1538 259 1582; x_wconf 91' lang='lat' dir='ltr'>Cui</span> <span class='ocrx_word' id='word_1_122' title='bbox 281 1538 503 1595; x_wconf 87' lang='lat' dir='ltr'>pecudum</span> <span class='ocrx_word' id='word_1_123' title='bbox 524 1537 674 1593; x_wconf 88' lang='lat' dir='ltr'>fibrae,</span> <span class='ocrx_word' id='word_1_124' title='bbox 700 1537 807 1580; x_wconf 90' lang='lat' dir='ltr'>coeli</span> <span class='ocrx_word' id='word_1_125' title='bbox 829 1537 900 1580; x_wconf 89' lang='lat' dir='ltr'>cui</span> <span class='ocrx_word' id='word_1_126' title='bbox 923 1537 1065 1579; x_wconf 84' lang='lat' dir='ltr'>sidera</span> <span class='ocrx_word' id='word_1_127' title='bbox 1087 1542 1243 1593; x_wconf 87' lang='lat' dir='ltr'>parent</span> 
     </span>
    </p>

    <p class='ocr_par' dir='ltr' id='par_1_10' title="bbox 171 1607 1356 1809">
     <span class='ocr_line' id='line_1_21' title="bbox 171 1607 1349 1666; baseline -0.001 -14"><span class='ocrx_word' id='word_1_128' title='bbox 171 1610 232 1664; x_wconf 81' lang='lat' dir='ltr'>Et</span> <span class='ocrx_word' id='word_1_129' title='bbox 254 1610 431 1666; x_wconf 83' lang='lat' dir='ltr'>linguae</span> <span class='ocrx_word' id='word_1_130' title='bbox 455 1608 681 1651; x_wconf 85' lang='lat' dir='ltr'>volucrum</span> <span class='ocrx_word' id='word_1_131' title='bbox 702 1613 746 1650; x_wconf 91' lang='lat' dir='ltr'>et</span> <span class='ocrx_word' id='word_1_132' title='bbox 769 1607 969 1665; x_wconf 86' lang='lat' dir='ltr'>praesagi</span> <span class='ocrx_word' id='word_1_133' title='bbox 991 1607 1191 1650; x_wconf 87' lang='lat' dir='ltr'>fulminis</span> <span class='ocrx_word' id='word_1_134' title='bbox 1213 1607 1349 1665; x_wconf 85' lang='lat' dir='ltr'>ignes,</span> 
     </span>
     <span class='ocr_line' id='line_1_22' title="bbox 171 1678 1356 1736; baseline -0.002 -13"><span class='ocrx_word' id='word_1_135' title='bbox 171 1682 294 1724; x_wconf 87' lang='lat' dir='ltr'>Mille</span> <span class='ocrx_word' id='word_1_136' title='bbox 317 1680 432 1736; x_wconf 84' lang='lat' dir='ltr'>rapit</span> <span class='ocrx_word' id='word_1_137' title='bbox 455 1681 611 1723; x_wconf 85' lang='lat' dir='ltr'>denses</span> <span class='ocrx_word' id='word_1_138' title='bbox 634 1679 725 1722; x_wconf 84' lang='lat' dir='ltr'>acie</span> <span class='ocrx_word' id='word_1_139' title='bbox 747 1684 882 1736; x_wconf 87' lang='lat' dir='ltr'>atque</span> <span class='ocrx_word' id='word_1_140' title='bbox 904 1679 1184 1722; x_wconf 82' lang='lat' dir='ltr'>horrentibus</span> <span class='ocrx_word' id='word_1_141' title='bbox 1205 1678 1356 1721; x_wconf 86' lang='lat' dir='ltr'>hastis.</span> 
     </span>
     <span class='ocr_line' id='line_1_23' title="bbox 171 1749 1269 1809; baseline -0.002 -15"><span class='ocrx_word' id='word_1_142' title='bbox 171 1752 266 1795; x_wconf 89' lang='lat' dir='ltr'>Hos</span> <span class='ocrx_word' id='word_1_143' title='bbox 288 1766 437 1809; x_wconf 90' lang='lat' dir='ltr'>parere</span> <span class='ocrx_word' id='word_1_144' title='bbox 454 1751 613 1807; x_wconf 84' lang='lat' dir='ltr'>jubent</span> <span class='ocrx_word' id='word_1_145' title='bbox 636 1750 837 1806; x_wconf 87' lang='lat' dir='ltr'>Alpheae</span> <span class='ocrx_word' id='word_1_146' title='bbox 859 1750 916 1793; x_wconf 88' lang='lat' dir='ltr'>ab</span> <span class='ocrx_word' id='word_1_147' title='bbox 939 1750 1103 1807; x_wconf 85' lang='lat' dir='ltr'>origine</span> <span class='ocrx_word' id='word_1_148' title='bbox 1127 1749 1269 1804; x_wconf 86' lang='lat' dir='ltr'>Pisae,</span> 
     </span>
    </p>

    <p class='ocr_par' dir='ltr' id='par_1_11' title="bbox 173 1819 1456 2088">
     <span class='ocr_line' id='line_1_24' title="bbox 173 1819 1424 1878; baseline -0.004 -12"><span class='ocrx_word' id='word_1_149' title='bbox 173 1823 291 1866; x_wconf 88' lang='lat' dir='ltr'>Urbs</span> <span class='ocrx_word' id='word_1_150' title='bbox 314 1823 504 1878; x_wconf 82' lang='lat' dir='ltr'>Etrusca</span> <span class='ocrx_word' id='word_1_151' title='bbox 526 1821 628 1865; x_wconf 84' lang='lat' dir='ltr'>solo,</span> <span class='ocrx_word' id='word_1_152' title='bbox 696 1820 908 1876; x_wconf 79' lang='lat' dir='ltr'>Sequitur</span> <span class='ocrx_word' id='word_1_153' title='bbox 929 1820 1247 1876; x_wconf 87' lang='lat' dir='ltr'>pulcherrimus</span> <span class='ocrx_word' id='word_1_154' title='bbox 1269 1819 1424 1874; x_wconf 80' lang='lat' dir='ltr'>Astur,</span> 
     </span>
     <span class='ocr_line' id='line_1_25' title="bbox 173 1890 1195 1947; baseline -0.003 -12"><span class='ocrx_word' id='word_1_155' title='bbox 173 1894 313 1936; x_wconf 88' lang='lat' dir='ltr'>Astur</span> <span class='ocrx_word' id='word_1_156' title='bbox 335 1906 446 1947; x_wconf 82' lang='lat' dir='ltr'>equo</span> <span class='ocrx_word' id='word_1_157' title='bbox 468 1892 608 1934; x_wconf 87' lang='lat' dir='ltr'>fidens</span> <span class='ocrx_word' id='word_1_158' title='bbox 630 1896 676 1933; x_wconf 89' lang='lat' dir='ltr'>et</span> <span class='ocrx_word' id='word_1_159' title='bbox 699 1890 1027 1933; x_wconf 86' lang='lat' dir='ltr'>versicoloribus</span> <span class='ocrx_word' id='word_1_160' title='bbox 1051 1890 1195 1933; x_wconf 88' lang='lat' dir='ltr'>armis.</span> 
     </span>
     <span class='ocr_line' id='line_1_26' title="bbox 175 1960 1456 2018; baseline -0.003 -12"><span class='ocrx_word' id='word_1_161' title='bbox 175 1964 442 2006; x_wconf 81' lang='lat' dir='ltr'>Tercentum</span> <span class='ocrx_word' id='word_1_162' title='bbox 465 1962 682 2018; x_wconf 84' lang='lat' dir='ltr'>adjiciunt</span> <span class='ocrx_word' id='word_1_163' title='bbox 699 1975 710 2015; x_wconf 81' lang='lat'><em>3</em></span> <span class='ocrx_word' id='word_1_164' title='bbox 745 1975 870 2004; x_wconf 88' lang='lat' dir='ltr'>mens</span> <span class='ocrx_word' id='word_1_165' title='bbox 892 1961 1096 2004; x_wconf 88' lang='lat' dir='ltr'>omnibus</span> <span class='ocrx_word' id='word_1_166' title='bbox 1118 1976 1208 2003; x_wconf 89' lang='lat' dir='ltr'>una</span> <span class='ocrx_word' id='word_1_167' title='bbox 1231 1960 1456 2017; x_wconf 83' lang='lat' dir='ltr'>sequendi,</span> 
     </span>
     <span class='ocr_line' id='line_1_27' title="bbox 176 2031 1310 2088; baseline -0.003 -12"><span class='ocrx_word' id='word_1_168' title='bbox 176 2034 261 2088; x_wconf 78' lang='lat' dir='ltr'>Qui</span> <span class='ocrx_word' id='word_1_169' title='bbox 287 2033 468 2077; x_wconf 82' lang='lat' dir='ltr'>Caerete</span> <span class='ocrx_word' id='word_1_170' title='bbox 491 2033 632 2087; x_wconf 84' lang='lat' dir='ltr'>domo,</span> <span class='ocrx_word' id='word_1_171' title='bbox 657 2031 733 2088; x_wconf 88' lang='lat' dir='ltr'>qui</span> <span class='ocrx_word' id='word_1_172' title='bbox 756 2036 860 2074; x_wconf 90' lang='lat' dir='ltr'>sunt</span> <span class='ocrx_word' id='word_1_173' title='bbox 883 2031 1090 2075; x_wconf 87' lang='lat' dir='ltr'>Minionis</span> <span class='ocrx_word' id='word_1_174' title='bbox 1112 2032 1158 2074; x_wconf 87' lang='lat' dir='ltr'>in</span> <span class='ocrx_word' id='word_1_175' title='bbox 1180 2031 1310 2087; x_wconf 84' lang='lat' dir='ltr'>arvis,</span> 
     </span>
    </p>

    <p class='ocr_par' dir='ltr' id='par_1_12' title="bbox 175 2102 1277 2161">
     <span class='ocr_line' id='line_1_28' title="bbox 175 2102 1277 2161; baseline -0.002 -13"><span class='ocrx_word' id='word_1_176' title='bbox 175 2106 238 2148; x_wconf 86' lang='lat' dir='ltr'>Et</span> <span class='ocrx_word' id='word_1_177' title='bbox 264 2104 397 2161; x_wconf 85' lang='lat' dir='ltr'>Pyrgi</span> <span class='ocrx_word' id='word_1_178' title='bbox 419 2109 599 2157; x_wconf 86' lang='lat' dir='ltr'>veteres,</span> <span class='ocrx_word' id='word_1_179' title='bbox 624 2104 1005 2159; x_wconf 81' lang='lat' dir='ltr'>intempestaeque</span> <span class='ocrx_word' id='word_1_180' title='bbox 1029 2102 1277 2146; x_wconf 79' lang='lat' dir='ltr'>Graviscae.</span> 
     </span>
    </p>

    <p class='ocr_par' dir='ltr' id='par_1_13' title="bbox 176 2173 1360 2374">
     <span class='ocr_line' id='line_1_29' title="bbox 176 2173 1287 2232; baseline -0.003 -13"><span class='ocrx_word' id='word_1_181' title='bbox 176 2177 277 2219; x_wconf 83' lang='lat' dir='ltr'>Non</span> <span class='ocrx_word' id='word_1_182' title='bbox 301 2191 379 2232; x_wconf 90' lang='lat' dir='ltr'>ego</span> <span class='ocrx_word' id='word_1_183' title='bbox 402 2181 459 2230; x_wconf 87' lang='lat' dir='ltr'>te,</span> <span class='ocrx_word' id='word_1_184' title='bbox 484 2174 701 2231; x_wconf 83' lang='lat' dir='ltr'>Ligurum</span> <span class='ocrx_word' id='word_1_185' title='bbox 723 2175 880 2216; x_wconf 87' lang='lat' dir='ltr'>ductor</span> <span class='ocrx_word' id='word_1_186' title='bbox 901 2173 1135 2217; x_wconf 68' lang='lat' dir='ltr'>fortissime</span> <span class='ocrx_word' id='word_1_187' title='bbox 1157 2174 1287 2229; x_wconf 88' lang='lat' dir='ltr'>bello,</span> 
     </span>
     <span class='ocr_line' id='line_1_30' title="bbox 178 2244 1360 2301; baseline -0.003 -11"><span class='ocrx_word' id='word_1_188' title='bbox 178 2246 460 2301; x_wconf 82' lang='lat' dir='ltr'>Transierim,</span> <span class='ocrx_word' id='word_1_189' title='bbox 487 2245 663 2301; x_wconf 78' lang='lat' dir='ltr'>Cinyra,</span> <span class='ocrx_word' id='word_1_190' title='bbox 689 2250 733 2286; x_wconf 88' lang='lat' dir='ltr'>et</span> <span class='ocrx_word' id='word_1_191' title='bbox 757 2245 908 2301; x_wconf 82' lang='lat' dir='ltr'>paucis</span> <span class='ocrx_word' id='word_1_192' title='bbox 931 2245 1140 2287; x_wconf 84' lang='lat' dir='ltr'>comitate</span> <span class='ocrx_word' id='word_1_193' title='bbox 1165 2244 1360 2301; x_wconf 81' lang='lat' dir='ltr'>Cupavo,</span> 
     </span>
     <span class='ocr_line' id='line_1_31' title="bbox 179 2317 1221 2374; baseline -0.003 -12"><span class='ocrx_word' id='word_1_194' title='bbox 179 2320 316 2374; x_wconf 81' lang='lat' dir='ltr'>Cujus</span> <span class='ocrx_word' id='word_1_195' title='bbox 339 2317 527 2361; x_wconf 87' lang='lat' dir='ltr'>olorinae</span> <span class='ocrx_word' id='word_1_196' title='bbox 551 2322 737 2373; x_wconf 86' lang='lat' dir='ltr'>surgunt</span> <span class='ocrx_word' id='word_1_197' title='bbox 760 2317 814 2359; x_wconf 84' lang='lat' dir='ltr'>de</span> <span class='ocrx_word' id='word_1_198' title='bbox 837 2318 998 2360; x_wconf 81' lang='lat' dir='ltr'>vertice</span> <span class='ocrx_word' id='word_1_199' title='bbox 1022 2331 1221 2373; x_wconf 88' lang='lat' dir='ltr'>pennae-</span> 
     </span>
    </p>

    <p class='ocr_par' dir='ltr' id='par_1_14' title="bbox 179 2387 1455 2588">
     <span class='ocr_line' id='line_1_32' title="bbox 179 2387 1455 2444; baseline -0.002 -11"><span class='ocrx_word' id='word_1_200' title='bbox 179 2391 357 2434; x_wconf 88' lang='lat' dir='ltr'>Crimen</span> <span class='ocrx_word' id='word_1_201' title='bbox 380 2403 500 2432; x_wconf 86' lang='lat' dir='ltr'>amor</span> <span class='ocrx_word' id='word_1_202' title='bbox 521 2393 717 2431; x_wconf 85' lang='lat' dir='ltr'>vestrum</span> <span class='ocrx_word' id='word_1_203' title='bbox 733 2413 753 2420; x_wconf 91' lang='lat'>-</span> <span class='ocrx_word' id='word_1_204' title='bbox 768 2388 1018 2443; x_wconf 82' lang='lat' dir='ltr'>formaeque</span> <span class='ocrx_word' id='word_1_205' title='bbox 1041 2387 1213 2444; x_wconf 80' lang='lat' dir='ltr'>insigne</span> <span class='ocrx_word' id='word_1_206' title='bbox 1236 2392 1455 2443; x_wconf 84' lang='lat' dir='ltr'>paternae.</span> 
     </span>
     <span class='ocr_line' id='line_1_33' title="bbox 179 2457 1440 2516; baseline -0.004 -13"><span class='ocrx_word' id='word_1_207' title='bbox 179 2461 383 2516; x_wconf 80' lang='lat' dir='ltr'>Namque</span> <span class='ocrx_word' id='word_1_208' title='bbox 405 2460 566 2514; x_wconf 87' lang='lat' dir='ltr'>ferunt,</span> <span class='ocrx_word' id='word_1_209' title='bbox 590 2459 717 2501; x_wconf 90' lang='lat' dir='ltr'>luctu</span> <span class='ocrx_word' id='word_1_210' title='bbox 741 2458 942 2514; x_wconf 87' lang='lat' dir='ltr'>Cycnum</span> <span class='ocrx_word' id='word_1_211' title='bbox 966 2458 1266 2500; x_wconf 67' lang='lat' dir='ltr'>Phaethontis</span> <span class='ocrx_word' id='word_1_212' title='bbox 1289 2457 1440 2511; x_wconf 85' lang='lat' dir='ltr'>amati,</span> 
     </span>
     <span class='ocr_line' id='line_1_34' title="bbox 181 2529 1263 2588; baseline -0.005 -13"><span class='ocrx_word' id='word_1_213' title='bbox 181 2532 401 2588; x_wconf 83' lang='lat' dir='ltr'>Populeas</span> <span class='ocrx_word' id='word_1_214' title='bbox 424 2531 541 2573; x_wconf 88' lang='lat' dir='ltr'>inter</span> <span class='ocrx_word' id='word_1_215' title='bbox 562 2529 733 2572; x_wconf 84' lang='lat' dir='ltr'>frondes</span> <span class='ocrx_word' id='word_1_216' title='bbox 756 2529 1046 2585; x_wconf 83' lang='lat' dir='ltr'>umbramque</span> <span class='ocrx_word' id='word_1_217' title='bbox 1070 2543 1263 2571; x_wconf 88' lang='lat' dir='ltr'>sororum</span> 
     </span>
    </p>

    <p class='ocr_par' dir='ltr' id='par_1_15' title="bbox 182 2600 1326 2654">
     <span class='ocr_line' id='line_1_35' title="bbox 182 2600 1326 2654; baseline -0.004 -8"><span class='ocrx_word' id='word_1_218' title='bbox 182 2603 303 2647; x_wconf 89' lang='lat' dir='ltr'>Dum</span> <span class='ocrx_word' id='word_1_219' title='bbox 325 2602 446 2645; x_wconf 86' lang='lat' dir='ltr'>canit</span> <span class='ocrx_word' id='word_1_220' title='bbox 469 2606 514 2644; x_wconf 90' lang='lat' dir='ltr'>ct</span> <span class='ocrx_word' id='word_1_221' title='bbox 537 2605 758 2644; x_wconf 83' lang='lat' dir='ltr'>maestum</span> <span class='ocrx_word' id='word_1_222' title='bbox 782 2600 912 2643; x_wconf 85' lang='lat' dir='ltr'>Musa</span> <span class='ocrx_word' id='word_1_223' title='bbox 934 2601 1098 2643; x_wconf 84' lang='lat' dir='ltr'>solatur</span> <span class='ocrx_word' id='word_1_224' title='bbox 1119 2613 1326 2654; x_wconf 87' lang='lat' dir='ltr'>amorem,</span> 
     </span>
    </p>
   </div>
   <div class='ocr_carea' id='block_1_5' title="bbox 1518 399 1601 442">
    <p class='ocr_par' dir='ltr' id='par_1_16' title="bbox 1518 399 1601 442">
     <span class='ocr_line' id='line_1_36' title="bbox 1518 399 1601 442; baseline 0 -1"><span class='ocrx_word' id='word_1_225' title='bbox 1518 399 1601 442; x_wconf 81' lang='lat'>160</span> 
     </span>
    </p>
   </div>
   <div class='ocr_carea' id='block_1_6' title="bbox 1516 1106 1603 1153">
    <p class='ocr_par' dir='ltr' id='par_1_17' title="bbox 1516 1106 1603 1153">
     <span class='ocr_line' id='line_1_37' title="bbox 1516 1106 1603 1153; baseline 0 -1"><span class='ocrx_word' id='word_1_226' title='bbox 1516 1106 1603 1153; x_wconf 82' lang='lat'>170</span> 
     </span>
    </p>
   </div>
   <div class='ocr_carea' id='block_1_7' title="bbox 1525 1462 1610 1509">
    <p class='ocr_par' dir='ltr' id='par_1_18' title="bbox 1525 1462 1610 1509">
     <span class='ocr_line' id='line_1_38' title="bbox 1525 1462 1610 1509; baseline 0.024 -2"><span class='ocrx_word' id='word_1_227' title='bbox 1525 1462 1610 1509; x_wconf 84' lang='lat'>175</span> 
     </span>
    </p>
   </div>
   <div class='ocr_carea' id='block_1_8' title="bbox 1522 1819 1610 1862">
    <p class='ocr_par' dir='ltr' id='par_1_19' title="bbox 1522 1819 1610 1862">
     <span class='ocr_line' id='line_1_39' title="bbox 1522 1819 1610 1862; baseline -0.011 0"><span class='ocrx_word' id='word_1_228' title='bbox 1522 1819 1610 1862; x_wconf 82' lang='lat'>180</span> 
     </span>
    </p>
   </div>
   <div class='ocr_carea' id='block_1_9' title="bbox 1528 2527 1615 2571">
    <p class='ocr_par' dir='ltr' id='par_1_20' title="bbox 1528 2527 1615 2571">
     <span class='ocr_line' id='line_1_40' title="bbox 1528 2527 1615 2571; baseline 0 -1"><span class='ocrx_word' id='word_1_229' title='bbox 1528 2527 1615 2571; x_wconf 91' lang='grc'>190</span> 
     </span>
    </p>
   </div>
  </div>
 </body>
</html>
