<?xml version="1.0" encoding="UTF-8"?>
<!DOCTYPE html PUBLIC "-//W3C//DTD XHTML 1.0 Transitional//EN"
    "http://www.w3.org/TR/xhtml1/DTD/xhtml1-transitional.dtd">
<html xmlns="http://www.w3.org/1999/xhtml" xml:lang="en" lang="en">
 <head>
  <title>
</title>
<meta http-equiv="Content-Type" content="text/html;charset=utf-8" />
  <meta name='ocr-system' content='tesseract 3.04.00' />
  <meta name='ocr-capabilities' content='ocr_page ocr_carea ocr_par ocr_line ocrx_word'/>
</head>
<body>
  <div class='ocr_page' id='page_1' title='image "aeneidfri00virguoft_0137.png"; bbox 0 0 1731 2923; ppageno 0'>
   <div class='ocr_carea' id='block_1_1' title="bbox 599 137 1544 179">
    <p class='ocr_par' dir='ltr' id='par_1_1' title="bbox 599 137 1544 179">
     <span class='ocr_line' id='line_1_1' title="bbox 599 137 1544 179; baseline 0.006 -6"><span class='ocrx_word' id='word_1_1' title='bbox 599 146 831 176; x_wconf 75' lang='lat' dir='ltr'><strong>AENEIDos</strong></span> <span class='ocrx_word' id='word_1_2' title='bbox 865 147 950 177; x_wconf 71' lang='grc' dir='ltr'><strong>ΜΒ.</strong></span> <span class='ocrx_word' id='word_1_3' title='bbox 987 148 1028 178; x_wconf 87' lang='lat' dir='ltr'><strong>v.</strong></span> <span class='ocrx_word' id='word_1_4' title='bbox 1461 138 1483 178; x_wconf 90' lang='lat'>1</span> <span class='ocrx_word' id='word_1_5' title='bbox 1494 137 1544 179; x_wconf 85' lang='lat'><strong>11</strong></span> 
     </span>
    </p>
   </div>
   <div class='ocr_carea' id='block_1_2' title="bbox 116 253 1554 2645">
    <p class='ocr_par' dir='ltr' id='par_1_2' title="bbox 118 253 1201 311">
     <span class='ocr_line' id='line_1_2' title="bbox 118 253 1201 311; baseline 0 -14"><span class='ocrx_word' id='word_1_6' title='bbox 118 254 275 297; x_wconf 88' lang='lat' dir='ltr'><strong>Portat</strong></span> <span class='ocrx_word' id='word_1_7' title='bbox 297 268 434 310; x_wconf 86' lang='lat' dir='ltr'><strong>equus</strong></span> <span class='ocrx_word' id='word_1_8' title='bbox 455 253 616 296; x_wconf 84' lang='lat' dir='ltr'>bicolor</span> <span class='ocrx_word' id='word_1_9' title='bbox 637 253 835 309; x_wconf 85' lang='lat' dir='ltr'><strong>maculis,</strong></span> <span class='ocrx_word' id='word_1_10' title='bbox 861 254 1047 311; x_wconf 83' lang='lat' dir='ltr'><strong>vestigia</strong></span> <span class='ocrx_word' id='word_1_11' title='bbox 1069 254 1201 311; x_wconf 88' lang='lat' dir='ltr'><strong>primi</strong></span> 
     </span>
    </p>

    <p class='ocr_par' dir='ltr' id='par_1_3' title="bbox 117 323 1297 381">
     <span class='ocr_line' id='line_1_3' title="bbox 117 323 1297 381; baseline 0.001 -14"><span class='ocrx_word' id='word_1_12' title='bbox 117 323 236 367; x_wconf 88' lang='lat' dir='ltr'><strong>Alba</strong></span> <span class='ocrx_word' id='word_1_13' title='bbox 257 324 381 381; x_wconf 84' lang='lat' dir='ltr'><strong>pedis</strong></span> <span class='ocrx_word' id='word_1_14' title='bbox 402 323 678 380; x_wconf 87' lang='lat' dir='ltr'><strong>frontemque</strong></span> <span class='ocrx_word' id='word_1_15' title='bbox 701 329 930 368; x_wconf 74' lang='lat' dir='ltr'><strong>ostentans</strong></span> <span class='ocrx_word' id='word_1_16' title='bbox 953 326 1116 368; x_wconf 87' lang='lat' dir='ltr'><strong>arduus</strong></span> <span class='ocrx_word' id='word_1_17' title='bbox 1138 326 1297 369; x_wconf 87' lang='lat' dir='ltr'><strong>albam.</strong></span> 
     </span>
    </p>

    <p class='ocr_par' dir='ltr' id='par_1_4' title="bbox 118 393 1239 456">
     <span class='ocr_line' id='line_1_4' title="bbox 118 393 1239 456; baseline 0.002 -20"><span class='ocrx_word' id='word_1_18' title='bbox 118 393 245 436; x_wconf 89' lang='lat' dir='ltr'><strong>Alter</strong></span> <span class='ocrx_word' id='word_1_19' title='bbox 266 394 397 450; x_wconf 91' lang='lat' dir='ltr'><strong>Atys,</strong></span> <span class='ocrx_word' id='word_1_20' title='bbox 421 408 559 451; x_wconf 81' lang='lat' dir='ltr'><strong>genus</strong></span> <span class='ocrx_word' id='word_1_21' title='bbox 580 395 698 437; x_wconf 90' lang='lat' dir='ltr'><strong>unde</strong></span> <span class='ocrx_word' id='word_1_22' title='bbox 720 394 819 437; x_wconf 92' lang='lat' dir='ltr'><strong>Atii</strong></span> <span class='ocrx_word' id='word_1_23' title='bbox 840 396 1004 438; x_wconf 78' lang='lat' dir='ltr'><strong>duxere</strong></span> <span class='ocrx_word' id='word_1_24' title='bbox 1026 395 1190 452; x_wconf 87' lang='lat' dir='ltr'><strong>Latini,</strong></span> <span class='ocrx_word' id='word_1_25' title='bbox 1226 448 1239 456; x_wconf 20' lang='lat' dir='ltr'><strong>a,</strong></span> 
     </span>
    </p>

    <p class='ocr_par' dir='ltr' id='par_1_5' title="bbox 117 463 1139 522">
     <span class='ocr_line' id='line_1_5' title="bbox 117 463 1139 522; baseline 0.003 -16"><span class='ocrx_word' id='word_1_26' title='bbox 117 463 287 507; x_wconf 84' lang='lat' dir='ltr'><strong>Parvus</strong></span> <span class='ocrx_word' id='word_1_27' title='bbox 310 465 426 520; x_wconf 86' lang='lat' dir='ltr'><strong>Atys</strong></span> <span class='ocrx_word' id='word_1_28' title='bbox 446 479 668 521; x_wconf 87' lang='lat' dir='ltr'><strong>pueroque</strong></span> <span class='ocrx_word' id='word_1_29' title='bbox 690 480 798 522; x_wconf 88' lang='lat' dir='ltr'><strong>puer</strong></span> <span class='ocrx_word' id='word_1_30' title='bbox 819 466 1006 509; x_wconf 88' lang='lat' dir='ltr'><strong>dilectus</strong></span> <span class='ocrx_word' id='word_1_31' title='bbox 1029 467 1139 510; x_wconf 90' lang='lat' dir='ltr'><strong>Iulo.</strong></span> 
     </span>
    </p>

    <p class='ocr_par' dir='ltr' id='par_1_6' title="bbox 116 524 1551 664">
     <span class='ocr_line' id='line_1_6' title="bbox 116 524 1551 594; baseline 0.002 -17"><span class='ocrx_word' id='word_1_32' title='bbox 116 535 357 578; x_wconf 80' lang='lat' dir='ltr'><strong>Extremus</strong></span> <span class='ocrx_word' id='word_1_33' title='bbox 379 536 605 592; x_wconf 86' lang='lat' dir='ltr'><strong>formaque</strong></span> <span class='ocrx_word' id='word_1_34' title='bbox 628 541 731 579; x_wconf 88' lang='lat' dir='ltr'><strong>ante</strong></span> <span class='ocrx_word' id='word_1_35' title='bbox 755 524 904 580; x_wconf 84' lang='lat' dir='ltr'><strong>omnes</strong></span> <span class='ocrx_word' id='word_1_36' title='bbox 925 537 1107 594; x_wconf 88' lang='lat' dir='ltr'><strong>pulcher</strong></span> <span class='ocrx_word' id='word_1_37' title='bbox 1129 538 1256 581; x_wconf 87' lang='lat' dir='ltr'><strong>Iulus</strong></span> <span class='ocrx_word' id='word_1_38' title='bbox 1464 537 1551 583; x_wconf 87' lang='lat'><strong>570</strong></span> 
     </span>
     <span class='ocr_line' id='line_1_7' title="bbox 119 606 1265 664; baseline 0.001 -14"><span class='ocrx_word' id='word_1_39' title='bbox 119 606 296 650; x_wconf 80' lang='lat' dir='ltr'><strong>Sidonio</strong></span> <span class='ocrx_word' id='word_1_40' title='bbox 319 612 386 650; x_wconf 89' lang='lat' dir='ltr'><strong>est</strong></span> <span class='ocrx_word' id='word_1_41' title='bbox 407 607 607 650; x_wconf 88' lang='lat' dir='ltr'><strong>invectus</strong></span> <span class='ocrx_word' id='word_1_42' title='bbox 631 621 756 663; x_wconf 80' lang='lat' dir='ltr'><strong>eque,</strong></span> <span class='ocrx_word' id='word_1_43' title='bbox 781 622 913 664; x_wconf 89' lang='lat' dir='ltr'><strong>quem</strong></span> <span class='ocrx_word' id='word_1_44' title='bbox 936 608 1124 651; x_wconf 83' lang='lat' dir='ltr'><strong>candida</strong></span> <span class='ocrx_word' id='word_1_45' title='bbox 1148 609 1265 652; x_wconf 86' lang='lat' dir='ltr'><strong>Dido</strong></span> 
     </span>
    </p>

    <p class='ocr_par' dir='ltr' id='par_1_7' title="bbox 118 677 1325 737">
     <span class='ocr_line' id='line_1_8' title="bbox 118 677 1325 737; baseline 0.002 -17"><span class='ocrx_word' id='word_1_46' title='bbox 118 677 226 721; x_wconf 86' lang='lat' dir='ltr'><strong>Esse</strong></span> <span class='ocrx_word' id='word_1_47' title='bbox 249 678 318 720; x_wconf 89' lang='lat' dir='ltr'><strong>sui</strong></span> <span class='ocrx_word' id='word_1_48' title='bbox 339 679 517 721; x_wconf 79' lang='lat' dir='ltr'><strong>dederat</strong></span> <span class='ocrx_word' id='word_1_49' title='bbox 539 685 877 722; x_wconf 79' lang='lat' dir='ltr'><strong>monumentum</strong></span> <span class='ocrx_word' id='word_1_50' title='bbox 900 685 944 722; x_wconf 89' lang='lat' dir='ltr'><strong>et</strong></span> <span class='ocrx_word' id='word_1_51' title='bbox 970 680 1130 737; x_wconf 82' lang='lat' dir='ltr'><strong>pignus</strong></span> <span class='ocrx_word' id='word_1_52' title='bbox 1152 681 1325 724; x_wconf 87' lang='lat' dir='ltr'><strong>amoris.</strong></span> 
     </span>
    </p>

    <p class='ocr_par' dir='ltr' id='par_1_8' title="bbox 120 748 1109 806">
     <span class='ocr_line' id='line_1_9' title="bbox 120 748 1109 806; baseline 0.002 -15"><span class='ocrx_word' id='word_1_53' title='bbox 120 748 279 792; x_wconf 83' lang='lat' dir='ltr'><strong>Cetera</strong></span> <span class='ocrx_word' id='word_1_54' title='bbox 303 749 536 792; x_wconf 83' lang='lat' dir='ltr'><strong>Trinacriis</strong></span> <span class='ocrx_word' id='word_1_55' title='bbox 558 750 695 806; x_wconf 86' lang='lat' dir='ltr'><strong>pubes</strong></span> <span class='ocrx_word' id='word_1_56' title='bbox 718 750 896 793; x_wconf 86' lang='lat' dir='ltr'><strong>senioris</strong></span> <span class='ocrx_word' id='word_1_57' title='bbox 919 751 1109 793; x_wconf 78' lang='lat' dir='ltr'><strong>Acestae</strong></span> 
     </span>
    </p>

    <p class='ocr_par' dir='ltr' id='par_1_9' title="bbox 118 819 438 876">
     <span class='ocr_line' id='line_1_10' title="bbox 118 819 438 876; baseline 0.009 -15"><span class='ocrx_word' id='word_1_58' title='bbox 118 819 281 862; x_wconf 78' lang='lat' dir='ltr'><strong>Fertur</strong></span> <span class='ocrx_word' id='word_1_59' title='bbox 302 821 438 876; x_wconf 89' lang='lat' dir='ltr'><strong>equis.</strong></span> 
     </span>
    </p>

    <p class='ocr_par' dir='ltr' id='par_1_10' title="bbox 117 890 1550 1161">
     <span class='ocr_line' id='line_1_11' title="bbox 117 890 1550 948; baseline 0.003 -16"><span class='ocrx_word' id='word_1_60' title='bbox 117 890 363 946; x_wconf 78' lang='lat' dir='ltr'><strong>Excipiunt</strong></span> <span class='ocrx_word' id='word_1_61' title='bbox 385 892 544 948; x_wconf 90' lang='lat' dir='ltr'><strong>plausu</strong></span> <span class='ocrx_word' id='word_1_62' title='bbox 566 891 759 947; x_wconf 84' lang='lat' dir='ltr'><strong>pavidos,</strong></span> <span class='ocrx_word' id='word_1_63' title='bbox 783 893 1066 948; x_wconf 80' lang='lat' dir='ltr'><strong>gaudentque</strong></span> <span class='ocrx_word' id='word_1_64' title='bbox 1089 897 1269 936; x_wconf 86' lang='lat' dir='ltr'><strong>tuentes</strong></span> <span class='ocrx_word' id='word_1_65' title='bbox 1463 891 1550 936; x_wconf 84' lang='lat'><strong>575</strong></span> 
     </span>
     <span class='ocr_line' id='line_1_12' title="bbox 119 955 1357 1019; baseline 0.002 -16"><span class='ocrx_word' id='word_1_66' title='bbox 119 961 416 1018; x_wconf 75' lang='lat' dir='ltr'><strong>Dardanidae,</strong></span> <span class='ocrx_word' id='word_1_67' title='bbox 439 968 724 1017; x_wconf 77' lang='lat' dir='ltr'><strong>veterumque</strong></span> <span class='ocrx_word' id='word_1_68' title='bbox 748 955 993 1018; x_wconf 76' lang='lat' dir='ltr'><strong>agnoscunt</strong></span> <span class='ocrx_word' id='word_1_69' title='bbox 1015 977 1089 1005; x_wconf 87' lang='lat' dir='ltr'><strong>ora</strong></span> <span class='ocrx_word' id='word_1_70' title='bbox 1111 968 1357 1019; x_wconf 88' lang='lat' dir='ltr'><strong>parentum.</strong></span> 
     </span>
     <span class='ocr_line' id='line_1_13' title="bbox 119 1032 1418 1089; baseline 0.001 -14"><span class='ocrx_word' id='word_1_71' title='bbox 119 1033 364 1089; x_wconf 87' lang='lat' dir='ltr'><strong>Postquam</strong></span> <span class='ocrx_word' id='word_1_72' title='bbox 387 1048 560 1076; x_wconf 87' lang='lat' dir='ltr'><strong>omnem</strong></span> <span class='ocrx_word' id='word_1_73' title='bbox 581 1032 688 1075; x_wconf 88' lang='lat' dir='ltr'><strong>laeti</strong></span> <span class='ocrx_word' id='word_1_74' title='bbox 711 1047 962 1075; x_wconf 85' lang='lat' dir='ltr'><strong>consessum</strong></span> <span class='ocrx_word' id='word_1_75' title='bbox 983 1034 1216 1089; x_wconf 89' lang='lat' dir='ltr'><strong>oculosque</strong></span> <span class='ocrx_word' id='word_1_76' title='bbox 1240 1048 1418 1076; x_wconf 85' lang='lat' dir='ltr'><strong>suorum</strong></span> 
     </span>
     <span class='ocr_line' id='line_1_14' title="bbox 119 1103 1231 1161; baseline 0.001 -15"><span class='ocrx_word' id='word_1_77' title='bbox 119 1104 378 1147; x_wconf 87' lang='lat' dir='ltr'><strong>Lustravere</strong></span> <span class='ocrx_word' id='word_1_78' title='bbox 399 1104 445 1146; x_wconf 90' lang='lat' dir='ltr'><strong>in</strong></span> <span class='ocrx_word' id='word_1_79' title='bbox 468 1103 591 1160; x_wconf 87' lang='lat' dir='ltr'><strong>equis</strong></span> <span class='ocrx_word' id='word_1_80' title='bbox 612 1117 623 1158; x_wconf 90' lang='lat'>;</span> <span class='ocrx_word' id='word_1_81' title='bbox 658 1103 834 1159; x_wconf 76' lang='lat' dir='ltr'><strong>signum</strong></span> <span class='ocrx_word' id='word_1_82' title='bbox 858 1104 1043 1147; x_wconf 85' lang='lat' dir='ltr'><strong>clamore</strong></span> <span class='ocrx_word' id='word_1_83' title='bbox 1065 1104 1231 1161; x_wconf 86' lang='lat' dir='ltr'><strong>paratis</strong></span> 
     </span>
    </p>

    <p class='ocr_par' dir='ltr' id='par_1_11' title="bbox 118 1173 1158 1232">
     <span class='ocr_line' id='line_1_15' title="bbox 118 1173 1158 1232; baseline 0.002 -15"><span class='ocrx_word' id='word_1_84' title='bbox 118 1175 334 1231; x_wconf 86' lang='lat' dir='ltr'><strong>Epytides</strong></span> <span class='ocrx_word' id='word_1_85' title='bbox 356 1175 483 1231; x_wconf 86' lang='lat' dir='ltr'><strong>longe</strong></span> <span class='ocrx_word' id='word_1_86' title='bbox 505 1174 642 1227; x_wconf 82' lang='lat' dir='ltr'><strong>dedit,</strong></span> <span class='ocrx_word' id='word_1_87' title='bbox 667 1173 952 1231; x_wconf 80' lang='lat' dir='ltr'><strong>insonuitque</strong></span> <span class='ocrx_word' id='word_1_88' title='bbox 974 1175 1158 1232; x_wconf 84' lang='lat' dir='ltr'><strong>flagello.</strong></span> 
     </span>
    </p>

    <p class='ocr_par' dir='ltr' id='par_1_12' title="bbox 119 1245 1553 1373">
     <span class='ocr_line' id='line_1_16' title="bbox 119 1245 1553 1309; baseline 0 -21"><span class='ocrx_word' id='word_1_89' title='bbox 119 1245 208 1289; x_wconf 85' lang='lat' dir='ltr'><strong>Olli</strong></span> <span class='ocrx_word' id='word_1_90' title='bbox 230 1246 463 1288; x_wconf 86' lang='lat' dir='ltr'><strong>discurrere</strong></span> <span class='ocrx_word' id='word_1_91' title='bbox 485 1260 611 1302; x_wconf 88' lang='lat' dir='ltr'><strong>pares</strong></span> <span class='ocrx_word' id='word_1_92' title='bbox 633 1250 767 1302; x_wconf 86' lang='lat' dir='ltr'><strong>atque</strong></span> <span class='ocrx_word' id='word_1_93' title='bbox 789 1245 966 1302; x_wconf 84' lang='lat' dir='ltr'><strong>agmina</strong></span> <span class='ocrx_word' id='word_1_94' title='bbox 987 1246 1101 1288; x_wconf 87' lang='lat' dir='ltr'><strong>terni</strong></span> <span class='ocrx_word' id='word_1_95' title='bbox 1330 1269 1339 1276; x_wconf 92' lang='lat'><strong>·</strong></span> <span class='ocrx_word' id='word_1_96' title='bbox 1436 1301 1447 1309; x_wconf 80' lang='lat'><em>.</em></span> <span class='ocrx_word' id='word_1_97' title='bbox 1464 1246 1553 1290; x_wconf 83' lang='lat'><strong>580</strong></span> 
     </span>
     <span class='ocr_line' id='line_1_17' title="bbox 119 1316 1122 1373; baseline 0.002 -15"><span class='ocrx_word' id='word_1_98' title='bbox 119 1316 335 1360; x_wconf 88' lang='lat' dir='ltr'><strong>Deductis</strong></span> <span class='ocrx_word' id='word_1_99' title='bbox 358 1317 519 1360; x_wconf 86' lang='lat' dir='ltr'><strong>solvere</strong></span> <span class='ocrx_word' id='word_1_100' title='bbox 542 1316 694 1372; x_wconf 90' lang='lat' dir='ltr'><strong>choris,</strong></span> <span class='ocrx_word' id='word_1_101' title='bbox 719 1331 954 1373; x_wconf 88' lang='lat' dir='ltr'><strong>rursusque</strong></span> <span class='ocrx_word' id='word_1_102' title='bbox 976 1317 1122 1360; x_wconf 87' lang='lat' dir='ltr'><strong>vocati</strong></span> 
     </span>
    </p>

    <p class='ocr_par' dir='ltr' id='par_1_13' title="bbox 120 1387 1050 1443">
     <span class='ocr_line' id='line_1_18' title="bbox 120 1387 1050 1443; baseline 0.001 -13"><span class='ocrx_word' id='word_1_103' title='bbox 120 1387 379 1431; x_wconf 80' lang='lat' dir='ltr'><strong>Convertere</strong></span> <span class='ocrx_word' id='word_1_104' title='bbox 401 1387 495 1430; x_wconf 90' lang='lat' dir='ltr'><strong>vias</strong></span> <span class='ocrx_word' id='word_1_105' title='bbox 518 1387 763 1443; x_wconf 84' lang='lat' dir='ltr'><strong>infestaque</strong></span> <span class='ocrx_word' id='word_1_106' title='bbox 785 1387 877 1430; x_wconf 87' lang='lat' dir='ltr'><strong>tela</strong></span> <span class='ocrx_word' id='word_1_107' title='bbox 899 1387 1050 1431; x_wconf 89' lang='lat' dir='ltr'><strong>tulere.</strong></span> 
     </span>
    </p>

    <p class='ocr_par' dir='ltr' id='par_1_14' title="bbox 119 1457 1142 1514">
     <span class='ocr_line' id='line_1_19' title="bbox 119 1457 1142 1514; baseline 0.001 -14"><span class='ocrx_word' id='word_1_108' title='bbox 119 1457 228 1501; x_wconf 89' lang='lat' dir='ltr'><strong>Inde</strong></span> <span class='ocrx_word' id='word_1_109' title='bbox 251 1459 358 1501; x_wconf 90' lang='lat' dir='ltr'><strong>alios</strong></span> <span class='ocrx_word' id='word_1_110' title='bbox 379 1458 535 1501; x_wconf 89' lang='lat' dir='ltr'><strong>ineunt</strong></span> <span class='ocrx_word' id='word_1_111' title='bbox 558 1473 706 1501; x_wconf 90' lang='lat' dir='ltr'><strong>cursus</strong></span> <span class='ocrx_word' id='word_1_112' title='bbox 729 1458 922 1514; x_wconf 90' lang='lat' dir='ltr'><strong>aliosque</strong></span> <span class='ocrx_word' id='word_1_113' title='bbox 945 1463 1142 1502; x_wconf 85' lang='lat' dir='ltr'><strong>recursus</strong></span> 
     </span>
    </p>

    <p class='ocr_par' dir='ltr' id='par_1_15' title="bbox 119 1528 1161 1584">
     <span class='ocr_line' id='line_1_20' title="bbox 119 1528 1161 1584; baseline -0.001 -13"><span class='ocrx_word' id='word_1_114' title='bbox 119 1528 328 1571; x_wconf 84' lang='lat' dir='ltr'><strong>Adversis</strong></span> <span class='ocrx_word' id='word_1_115' title='bbox 350 1528 516 1584; x_wconf 84' lang='lat' dir='ltr'><strong>spatiis,</strong></span> <span class='ocrx_word' id='word_1_116' title='bbox 541 1529 819 1584; x_wconf 87' lang='lat' dir='ltr'><strong>alternosque</strong></span> <span class='ocrx_word' id='word_1_117' title='bbox 843 1528 1016 1571; x_wconf 85' lang='lat' dir='ltr'><strong>orbibus</strong></span> <span class='ocrx_word' id='word_1_118' title='bbox 1039 1529 1161 1571; x_wconf 89' lang='lat' dir='ltr'><strong>orbes</strong></span> 
     </span>
    </p>

    <p class='ocr_par' dir='ltr' id='par_1_16' title="bbox 120 1599 1552 1726">
     <span class='ocr_line' id='line_1_21' title="bbox 120 1599 1552 1656; baseline 0.002 -15"><span class='ocrx_word' id='word_1_119' title='bbox 120 1599 396 1656; x_wconf 75' lang='lat' dir='ltr'><strong>Impediunt,</strong></span> <span class='ocrx_word' id='word_1_120' title='bbox 421 1613 681 1655; x_wconf 79' lang='lat' dir='ltr'><strong>pugnaeque</strong></span> <span class='ocrx_word' id='word_1_121' title='bbox 704 1599 820 1641; x_wconf 88' lang='lat' dir='ltr'><strong>cient</strong></span> <span class='ocrx_word' id='word_1_122' title='bbox 842 1599 1074 1641; x_wconf 85' lang='lat' dir='ltr'><strong>simulacra</strong></span> <span class='ocrx_word' id='word_1_123' title='bbox 1097 1599 1176 1641; x_wconf 90' lang='lat' dir='ltr'><strong>sub</strong></span> <span class='ocrx_word' id='word_1_124' title='bbox 1199 1600 1330 1642; x_wconf 87' lang='lat' dir='ltr'><strong>armis</strong></span> <span class='ocrx_word' id='word_1_125' title='bbox 1350 1614 1362 1654; x_wconf 82' lang='lat'>;</span> <span class='ocrx_word' id='word_1_126' title='bbox 1464 1602 1552 1644; x_wconf 81' lang='lat'><strong>585</strong></span> 
     </span>
     <span class='ocr_line' id='line_1_22' title="bbox 120 1670 1341 1726; baseline 0.001 -14"><span class='ocrx_word' id='word_1_127' title='bbox 120 1671 181 1713; x_wconf 85' lang='lat' dir='ltr'><strong>Et</strong></span> <span class='ocrx_word' id='word_1_128' title='bbox 205 1685 324 1712; x_wconf 85' lang='lat' dir='ltr'><strong>nunc</strong></span> <span class='ocrx_word' id='word_1_129' title='bbox 347 1676 469 1726; x_wconf 84' lang='lat' dir='ltr'><strong>terga</strong></span> <span class='ocrx_word' id='word_1_130' title='bbox 490 1670 596 1726; x_wconf 79' lang='lat' dir='ltr'><strong>fuga</strong></span> <span class='ocrx_word' id='word_1_131' title='bbox 621 1670 807 1725; x_wconf 88' lang='lat' dir='ltr'><strong>nudant,</strong></span> <span class='ocrx_word' id='word_1_132' title='bbox 831 1685 947 1712; x_wconf 88' lang='lat' dir='ltr'><strong>nunc</strong></span> <span class='ocrx_word' id='word_1_133' title='bbox 972 1670 1138 1726; x_wconf 85' lang='lat' dir='ltr'><strong>spicula</strong></span> <span class='ocrx_word' id='word_1_134' title='bbox 1161 1675 1341 1713; x_wconf 87' lang='lat' dir='ltr'><strong>vertunt</strong></span> 
     </span>
    </p>

    <p class='ocr_par' dir='ltr' id='par_1_17' title="bbox 121 1740 1128 1797">
     <span class='ocr_line' id='line_1_23' title="bbox 121 1740 1128 1797; baseline 0 -14"><span class='ocrx_word' id='word_1_135' title='bbox 121 1740 301 1796; x_wconf 80' lang='lat' dir='ltr'><strong>Infensi,</strong></span> <span class='ocrx_word' id='word_1_136' title='bbox 324 1741 442 1783; x_wconf 78' lang='lat' dir='ltr'><strong>facta</strong></span> <span class='ocrx_word' id='word_1_137' title='bbox 464 1741 627 1797; x_wconf 85' lang='lat' dir='ltr'><strong>pariter</strong></span> <span class='ocrx_word' id='word_1_138' title='bbox 648 1755 764 1783; x_wconf 89' lang='lat' dir='ltr'><strong>nunc</strong></span> <span class='ocrx_word' id='word_1_139' title='bbox 788 1755 894 1797; x_wconf 84' lang='lat' dir='ltr'><strong>pace</strong></span> <span class='ocrx_word' id='word_1_140' title='bbox 915 1741 1128 1785; x_wconf 84' lang='lat' dir='ltr'><strong>feruntur.</strong></span> 
     </span>
    </p>

    <p class='ocr_par' dir='ltr' id='par_1_18' title="bbox 121 1811 1254 1869">
     <span class='ocr_line' id='line_1_24' title="bbox 121 1811 1254 1869; baseline 0 -14"><span class='ocrx_word' id='word_1_141' title='bbox 121 1812 188 1855; x_wconf 91' lang='lat' dir='ltr'><strong>Ut</strong></span> <span class='ocrx_word' id='word_1_142' title='bbox 211 1813 432 1869; x_wconf 86' lang='lat' dir='ltr'><strong>quondam</strong></span> <span class='ocrx_word' id='word_1_143' title='bbox 457 1812 590 1855; x_wconf 86' lang='lat' dir='ltr'><strong>Creta</strong></span> <span class='ocrx_word' id='word_1_144' title='bbox 610 1812 750 1854; x_wconf 85' lang='lat' dir='ltr'><strong>fertur</strong></span> <span class='ocrx_word' id='word_1_145' title='bbox 771 1811 1069 1868; x_wconf 85' lang='lat' dir='ltr'><strong>Labyrinthus</strong></span> <span class='ocrx_word' id='word_1_146' title='bbox 1091 1812 1138 1855; x_wconf 90' lang='lat' dir='ltr'><strong>in</strong></span> <span class='ocrx_word' id='word_1_147' title='bbox 1161 1813 1254 1855; x_wconf 87' lang='lat' dir='ltr'><strong>alta</strong></span> 
     </span>
    </p>

    <p class='ocr_par' dir='ltr' id='par_1_19' title="bbox 121 1883 1192 1939">
     <span class='ocr_line' id='line_1_25' title="bbox 121 1883 1192 1939; baseline -0.001 -13"><span class='ocrx_word' id='word_1_148' title='bbox 121 1883 369 1926; x_wconf 83' lang='lat' dir='ltr'><strong>Parietibus</strong></span> <span class='ocrx_word' id='word_1_149' title='bbox 392 1888 570 1926; x_wconf 77' lang='lat' dir='ltr'><strong>textum</strong></span> <span class='ocrx_word' id='word_1_150' title='bbox 591 1883 729 1925; x_wconf 88' lang='lat' dir='ltr'><strong>caecis</strong></span> <span class='ocrx_word' id='word_1_151' title='bbox 746 1883 843 1938; x_wconf 88' lang='lat' dir='ltr'><strong>iter,</strong></span> <span class='ocrx_word' id='word_1_152' title='bbox 867 1883 1192 1939; x_wconf 86' lang='lat' dir='ltr'><strong>ancipitemque</strong></span> 
     </span>
    </p>

    <p class='ocr_par' dir='ltr' id='par_1_20' title="bbox 121 1953 1554 2081">
     <span class='ocr_line' id='line_1_26' title="bbox 122 1953 1554 2010; baseline 0 -14"><span class='ocrx_word' id='word_1_153' title='bbox 122 1953 243 1996; x_wconf 89' lang='lat' dir='ltr'><strong>Mille</strong></span> <span class='ocrx_word' id='word_1_154' title='bbox 266 1954 346 1997; x_wconf 90' lang='lat' dir='ltr'><strong>viis</strong></span> <span class='ocrx_word' id='word_1_155' title='bbox 368 1953 572 1997; x_wconf 85' lang='lat' dir='ltr'><strong>habuisse</strong></span> <span class='ocrx_word' id='word_1_156' title='bbox 594 1953 758 2009; x_wconf 91' lang='lat' dir='ltr'><strong>dolum,</strong></span> <span class='ocrx_word' id='word_1_157' title='bbox 783 1968 871 2010; x_wconf 83' lang='lat' dir='ltr'><strong>qua</strong></span> <span class='ocrx_word' id='word_1_158' title='bbox 894 1954 1018 2010; x_wconf 82' lang='lat' dir='ltr'><strong>signa</strong></span> <span class='ocrx_word' id='word_1_159' title='bbox 1042 1954 1252 2010; x_wconf 84' lang='lat' dir='ltr'><strong>sequendi</strong></span> <span class='ocrx_word' id='word_1_160' title='bbox 1465 1955 1554 1998; x_wconf 88' lang='grc'><strong>590</strong></span> 
     </span>
     <span class='ocr_line' id='line_1_27' title="bbox 121 2024 1159 2081; baseline 0.001 -14"><span class='ocrx_word' id='word_1_161' title='bbox 121 2024 317 2067; x_wconf 85' lang='lat' dir='ltr'><strong>Falleret</strong></span> <span class='ocrx_word' id='word_1_162' title='bbox 338 2025 621 2081; x_wconf 87' lang='lat' dir='ltr'><strong>indeprensus</strong></span> <span class='ocrx_word' id='word_1_163' title='bbox 643 2030 688 2067; x_wconf 92' lang='lat' dir='ltr'><strong>et</strong></span> <span class='ocrx_word' id='word_1_164' title='bbox 710 2025 994 2068; x_wconf 80' lang='lat' dir='ltr'><strong>irremeabilis</strong></span> <span class='ocrx_word' id='word_1_165' title='bbox 1016 2039 1159 2070; x_wconf 87' lang='lat' dir='ltr'><strong>error:</strong></span> 
     </span>
    </p>

    <p class='ocr_par' dir='ltr' id='par_1_21' title="bbox 123 2094 1082 2151">
     <span class='ocr_line' id='line_1_28' title="bbox 123 2094 1082 2151; baseline 0.002 -14"><span class='ocrx_word' id='word_1_166' title='bbox 123 2094 259 2138; x_wconf 88' lang='lat' dir='ltr'><strong>Haud</strong></span> <span class='ocrx_word' id='word_1_167' title='bbox 280 2095 362 2137; x_wconf 87' lang='lat' dir='ltr'><strong>alio</strong></span> <span class='ocrx_word' id='word_1_168' title='bbox 387 2094 607 2137; x_wconf 79' lang='lat' dir='ltr'><strong>Teucrum</strong></span> <span class='ocrx_word' id='word_1_169' title='bbox 627 2095 724 2137; x_wconf 87' lang='lat' dir='ltr'><strong>nati</strong></span> <span class='ocrx_word' id='word_1_170' title='bbox 744 2095 928 2151; x_wconf 80' lang='lat' dir='ltr'><strong>vestigia</strong></span> <span class='ocrx_word' id='word_1_171' title='bbox 951 2110 1082 2139; x_wconf 90' lang='lat' dir='ltr'><strong>cursu</strong></span> 
     </span>
    </p>

    <p class='ocr_par' dir='ltr' id='par_1_22' title="bbox 122 2165 1207 2222">
     <span class='ocr_line' id='line_1_29' title="bbox 122 2165 1207 2222; baseline 0.001 -14"><span class='ocrx_word' id='word_1_172' title='bbox 122 2165 396 2222; x_wconf 80' lang='lat' dir='ltr'><strong>Impediunt,</strong></span> <span class='ocrx_word' id='word_1_173' title='bbox 421 2169 668 2221; x_wconf 77' lang='lat' dir='ltr'><strong>texuntque</strong></span> <span class='ocrx_word' id='word_1_174' title='bbox 691 2165 816 2221; x_wconf 85' lang='lat' dir='ltr'><strong>fugas</strong></span> <span class='ocrx_word' id='word_1_175' title='bbox 839 2170 884 2207; x_wconf 90' lang='lat' dir='ltr'><strong>et</strong></span> <span class='ocrx_word' id='word_1_176' title='bbox 907 2167 1068 2221; x_wconf 89' lang='lat' dir='ltr'><strong>proelia</strong></span> <span class='ocrx_word' id='word_1_177' title='bbox 1089 2167 1207 2222; x_wconf 88' lang='lat' dir='ltr'><strong>ludo,</strong></span> 
     </span>
    </p>

    <p class='ocr_par' dir='ltr' id='par_1_23' title="bbox 124 2235 1553 2503">
     <span class='ocr_line' id='line_1_30' title="bbox 124 2235 1324 2292; baseline 0 -14"><span class='ocrx_word' id='word_1_178' title='bbox 124 2235 399 2292; x_wconf 82' lang='lat' dir='ltr'><strong>Delphinum</strong></span> <span class='ocrx_word' id='word_1_179' title='bbox 421 2235 594 2290; x_wconf 81' lang='lat' dir='ltr'><strong>similes,</strong></span> <span class='ocrx_word' id='word_1_180' title='bbox 620 2235 696 2291; x_wconf 89' lang='lat' dir='ltr'><strong>qui</strong></span> <span class='ocrx_word' id='word_1_181' title='bbox 718 2250 793 2291; x_wconf 88' lang='lat' dir='ltr'><strong>per</strong></span> <span class='ocrx_word' id='word_1_182' title='bbox 814 2235 953 2277; x_wconf 88' lang='lat' dir='ltr'><strong>maria</strong></span> <span class='ocrx_word' id='word_1_183' title='bbox 974 2236 1159 2278; x_wconf 86' lang='lat' dir='ltr'><strong>humida</strong></span> <span class='ocrx_word' id='word_1_184' title='bbox 1180 2236 1324 2278; x_wconf 87' lang='lat' dir='ltr'><strong>nando</strong></span> 
     </span>
     <span class='ocr_line' id='line_1_31' title="bbox 124 2304 1521 2363; baseline -0.001 -14"><span class='ocrx_word' id='word_1_185' title='bbox 124 2305 420 2363; x_wconf 83' lang='lat' dir='ltr'><strong>Carpathium</strong></span> <span class='ocrx_word' id='word_1_186' title='bbox 440 2304 743 2361; x_wconf 85' lang='lat' dir='ltr'><strong>Libycumque</strong></span> <span class='ocrx_word' id='word_1_187' title='bbox 766 2311 929 2361; x_wconf 85' lang='lat' dir='ltr'><strong>secant,</strong></span> <span class='ocrx_word' id='word_1_188' title='bbox 958 2304 1224 2362; x_wconf 89' lang='lat' dir='ltr'><strong>[luduntque</strong></span> <span class='ocrx_word' id='word_1_189' title='bbox 1247 2315 1328 2361; x_wconf 80' lang='lat' dir='ltr'><strong>per</strong></span> <span class='ocrx_word' id='word_1_190' title='bbox 1346 2304 1521 2362; x_wconf 76' lang='lat' dir='ltr'><strong>undas]</strong></span> 
     </span>
     <span class='ocr_line' id='line_1_32' title="bbox 124 2375 1553 2432; baseline 0.001 -14"><span class='ocrx_word' id='word_1_191' title='bbox 124 2376 257 2419; x_wconf 92' lang='lat' dir='ltr'><strong>Hunc</strong></span> <span class='ocrx_word' id='word_1_192' title='bbox 278 2390 445 2420; x_wconf 87' lang='lat' dir='ltr'><strong>morem</strong></span> <span class='ocrx_word' id='word_1_193' title='bbox 466 2390 617 2418; x_wconf 89' lang='lat' dir='ltr'><strong>cursus</strong></span> <span class='ocrx_word' id='word_1_194' title='bbox 639 2381 773 2431; x_wconf 87' lang='lat' dir='ltr'><strong>atque</strong></span> <span class='ocrx_word' id='word_1_195' title='bbox 796 2375 902 2417; x_wconf 86' lang='lat' dir='ltr'><strong>haec</strong></span> <span class='ocrx_word' id='word_1_196' title='bbox 924 2376 1164 2418; x_wconf 86' lang='lat' dir='ltr'><strong>certamina</strong></span> <span class='ocrx_word' id='word_1_197' title='bbox 1186 2376 1353 2432; x_wconf 88' lang='lat' dir='ltr'><strong>primus</strong></span> <span class='ocrx_word' id='word_1_198' title='bbox 1467 2376 1553 2419; x_wconf 84' lang='lat'><strong>596</strong></span> 
     </span>
     <span class='ocr_line' id='line_1_33' title="bbox 126 2446 1313 2503; baseline -0.001 -13"><span class='ocrx_word' id='word_1_199' title='bbox 126 2447 355 2503; x_wconf 86' lang='lat' dir='ltr'><strong>Ascanius,</strong></span> <span class='ocrx_word' id='word_1_200' title='bbox 380 2447 578 2503; x_wconf 80' lang='lat' dir='ltr'><strong>Longam</strong></span> <span class='ocrx_word' id='word_1_201' title='bbox 601 2446 737 2488; x_wconf 90' lang='lat' dir='ltr'><strong>muris</strong></span> <span class='ocrx_word' id='word_1_202' title='bbox 759 2460 897 2502; x_wconf 87' lang='lat' dir='ltr'><strong>quum</strong></span> <span class='ocrx_word' id='word_1_203' title='bbox 920 2446 1111 2503; x_wconf 81' lang='lat' dir='ltr'><strong>cingeret</strong></span> <span class='ocrx_word' id='word_1_204' title='bbox 1133 2447 1313 2503; x_wconf 85' lang='lat' dir='ltr'><strong>Albam,</strong></span> 
     </span>
    </p>

    <p class='ocr_par' dir='ltr' id='par_1_24' title="bbox 125 2516 1192 2574">
     <span class='ocr_line' id='line_1_34' title="bbox 125 2516 1192 2574; baseline -0.001 -14"><span class='ocrx_word' id='word_1_205' title='bbox 125 2517 315 2574; x_wconf 89' lang='lat' dir='ltr'><strong>Retulit,</strong></span> <span class='ocrx_word' id='word_1_206' title='bbox 339 2522 384 2560; x_wconf 91' lang='lat' dir='ltr'><strong>et</strong></span> <span class='ocrx_word' id='word_1_207' title='bbox 406 2517 567 2574; x_wconf 87' lang='lat' dir='ltr'><strong>priscos</strong></span> <span class='ocrx_word' id='word_1_208' title='bbox 588 2517 737 2559; x_wconf 88' lang='lat' dir='ltr'><strong>docuit</strong></span> <span class='ocrx_word' id='word_1_209' title='bbox 761 2516 974 2559; x_wconf 88' lang='lat' dir='ltr'><strong>celebrare</strong></span> <span class='ocrx_word' id='word_1_210' title='bbox 996 2516 1192 2572; x_wconf 82' lang='lat' dir='ltr'><strong>Latinos,</strong></span> 
     </span>
    </p>

    <p class='ocr_par' dir='ltr' id='par_1_25' title="bbox 128 2587 1234 2645">
     <span class='ocr_line' id='line_1_35' title="bbox 128 2587 1234 2645; baseline -0.001 -13"><span class='ocrx_word' id='word_1_211' title='bbox 128 2589 222 2643; x_wconf 82' lang='lat' dir='ltr'><strong>Quo</strong></span> <span class='ocrx_word' id='word_1_212' title='bbox 244 2603 350 2645; x_wconf 88' lang='lat' dir='ltr'><strong>puer</strong></span> <span class='ocrx_word' id='word_1_213' title='bbox 370 2588 462 2645; x_wconf 83' lang='lat' dir='ltr'><strong>ipse</strong></span> <span class='ocrx_word' id='word_1_214' title='bbox 484 2589 624 2643; x_wconf 83' lang='lat' dir='ltr'><strong>modo,</strong></span> <span class='ocrx_word' id='word_1_215' title='bbox 651 2601 798 2630; x_wconf 84' lang='lat' dir='ltr'><strong>secum</strong></span> <span class='ocrx_word' id='word_1_216' title='bbox 822 2601 906 2642; x_wconf 88' lang='lat' dir='ltr'><strong>quo</strong></span> <span class='ocrx_word' id='word_1_217' title='bbox 931 2587 1062 2630; x_wconf 75' lang='lat' dir='ltr'><strong>Troia</strong></span> <span class='ocrx_word' id='word_1_218' title='bbox 1084 2587 1234 2643; x_wconf 72' lang='lat' dir='ltr'><strong>pubes</strong></span> 
     </span>
    </p>
   </div>
  </div>
 </body>
</html>
