1741 2902
586 188 816 218 AENElnos
848 189 934 218 Llss.
969 188 1027 218 1x.
1144 187 1148 191 ·
1440 177 1527 219 205

106 280 331 353 Caedicus,
355 296 427 339 ille
450 272 526 345 suo
548 295 733 337 moriens
755 296 832 338 dat
854 295 1012 338 habere
1035 294 1198 351 nepoti,

106 367 211 409 Post
233 372 418 409 mortem
439 365 553 408 bello
577 365 737 408 Rutuli
759 380 995 422 pugnaque
1019 365 1165 421 potiti,
1180 391 1200 397 -

106 439 225 481 Haec
249 439 363 494 rapit
387 443 521 494 atque
544 437 737 480 humeris
759 438 1057 493 nequidquam
1079 437 1268 479 fortibus
1291 440 1447 493 aptam

105 509 222 551 Tum
244 509 415 565 galeam
434 506 626 564 Messapi
649 507 839 550 habilem
862 508 1090 564 cristisque
1114 508 1316 550 decoram
1440 507 1527 550 365

104 578 269 622 Induit.
333 578 570 621 Excedunt
593 578 760 634 castris,
786 583 830 620 et
854 583 954 621 tuta
977 584 1227 634 capessunt.

194 650 369 691 Interea
392 649 618 705 praemissi
640 649 808 705 equites
831 664 885 691 ex
907 650 1011 692 urbe
1034 649 1208 705 Latina,

105 719 261 762 Cetera
283 721 390 762 dum
413 721 523 776 legio
546 721 713 777 campis
735 720 953 763 instructa
974 726 1182 776 moratur,

103 790 235 832 lbant
259 796 302 833 et
328 791 475 833 Turno
498 792 588 848 regi
610 806 814 847 responsa
835 792 1047 847 ferebant,

105 860 382 917 Tercentum,
408 862 572 904 scutati
593 877 755 916 omnes,
782 862 1018 904 Volscente
1042 862 1277 918 magistro;
1443 860 1530 906 370

104 932 294 987 Jamque
317 932 671 988 propinquabant
695 932 848 975 eastris
870 947 1080 987 muroque
1104 933 1322 987 subibant,

105 1002 251 1055 Quum
273 1004 424 1058 procul
445 1003 521 1045 hos
538 1003 659 1044 laevo
680 1003 907 1045 flectentes
929 1003 1072 1044 limite
1095 1009 1294 1058 cernunt,

103 1073 164 1115 Et
186 1074 309 1130 galea
333 1073 580 1129 Euryalum
603 1072 814 1115 sublustri
836 1073 976 1115 noctis
997 1073 1044 1114 in
1065 1073 1220 1115 umbra

103 1142 302 1186 Prodidit
324 1144 621 1186 immemorem
644 1144 862 1200 radiisque
887 1145 1064 1187 adversa
1085 1143 1264 1187 refulsit.
1445 1142 1533 1188 374

104 1213 238 1256 Haud
260 1219 423 1257 temere
447 1220 512 1257 est
535 1215 703 1257 visum:
740 1215 985 1257 conclamat
1017 1215 1072 1257 ab
1095 1215 1269 1271 agmine
1293 1215 1530 1258 Volscens:

104 1283 131 1303 “
151 1284 289 1340 State,
313 1284 394 1327 viri
414 1288 422 1328 1
491 1285 613 1338 Quae
636 1299 767 1327 causa
788 1285 898 1341 viae,
923 1285 1051 1340 quive
1075 1286 1178 1328 estis
1200 1286 1248 1329 in
1271 1287 1418 1342 armis,
1443 1284 1529 1331 376

104 1355 130 1376 “
150 1356 296 1409 Quove
320 1355 479 1398 tenetis
500 1355 587 1398 iter
605 1357 626 1399 Ρ
641 1357 679 1374 ”·
729 1341 853 1398 Nihil
874 1356 939 1398 illi
959 1357 1136 1399 tendere
1159 1363 1336 1412 contra3

106 1427 190 1470 Sed
213 1427 396 1469 celerare
417 1427 613 1483 fugam
601 1443 648 1469 111
669 1427 799 1470 silvas
822 1432 866 1470 et
886 1427 1018 1470 fidere
1041 1428 1170 1471 nocti.

107 1496 334 1552 Objieiunt
359 1497 526 1552 equites
549 1512 638 1539 sese
660 1498 716 1540 ad
742 1497 929 1540 divortia
949 1502 1055 1540 nota

105 1567 222 1609 Hinc
245 1573 334 1623 atq
329 1582 377 1610 16
400 1568 513 1623 111116,
534 1582 829 1623 omnemque
816 1568 987 1610 abitum
1004 1569 1182 1610 custode
1201 1573 1419 1612 coronant.
1445 1569 1532 1612 380

107 1638 226 1682 Silva
246 1638 349 1694 fuit,
371 1639 462 1681 late
485 1639 631 1681 dumis
653 1644 788 1695 atque
810 1639 907 1682 ilice
930 1639 1054 1696 nigra

105 1709 306 1765 Horrida,
322 1724 456 1765 quam
479 1710 601 1753 densi
623 1710 895 1766 complerant
916 1710 1110 1766 undique
1134 1715 1292 1767 sentes,

125 1780 225 1821 lara
248 1794 326 1835 per
347 1780 538 1822 occultos
558 1780 735 1822 lucebat
759 1780 915 1822 semita
939 1781 1082 1824 calles.

104 1850 348 1906 Euryalum
370 1850 574 1893 tenebrae
598 1865 817 1893 ramorum
847 1865 1110 1907 onerosaque
1133 1852 1294 1907 praeda

105 1922 376 1978 Impediunt,
399 1922 602 1977 fallitque
624 1921 755 1964 timor
777 1922 946 1978 regione
967 1922 1148 1986 viarum,
1445 1924 1532 1968 385

105 1992 239 2035 Nisus
260 1993 352 2035 abit
370 2007 381 2047 3
411 1992 591 2048 jamque
614 1993 865 2050 imprudens
889 1999 1086 2036 evaserat
1107 1994 1253 2037 hostes

106 2063 255 2119 Atque
276 2063 405 2119 locos,
430 2064 507 2119 qui
527 2069 626 2120 post
652 2063 791 2106 Albae
814 2065 867 2107 de
889 2064 1062 2107 nomine
1085 2065 1193 2108 dicti

107 2133 283 2189 Albani,
306 2138 406 2176 tum
428 2149 503 2176 rex
525 2135 699 2178 stabula
721 2135 812 2177 alta
833 2135 1022 2179 Latinus
1044 2135 1233 2179 habebat
1247 2151 1260 2191 3

107 2204 174 2247 Ut
197 2205 321 2247 stetit
345 2210 389 2247 et
411 2205 575 2248 frustra
597 2207 823 2248 absentem
845 2207 1035 2263 respexit
1058 2207 1260 2252 amicum.

109 2275 136 2296 ‘⁴
151 2275 340 2331 Euryale
361 2275 528 2330 infelix,
553 2290 640 2332 qua
662 2281 706 2319 te
730 2277 899 2332 regione
920 2277 1110 2333 reliqui?
1446 2277 1535 2320 390

109 2346 137 2367 ‘⁶
157 2346 307 2399 Quave
331 2361 498 2402 sequar,
523 2361 669 2389 rursus
691 2348 951 2403 perplexum
972 2347 1058 2389 iter
1078 2362 1205 2389 omne
1229 2347 1452 2390 revolvens

81 2426 83 2428 ·
110 2416 136 2437 “
151 2417 338 2460 Fallacis
361 2417 528 2461 silvae?
546 2418 570 2436 ''
637 2417 778 2460 Simul
801 2422 845 2460 et
867 2417 1050 2474 vestigia
1070 2424 1183 2461 retro

112 2487 355 2531 Observata
376 2484 499 2547 legit,
523 2488 755 2545 dumisque
779 2489 1010 2532 silentibus
1034 2495 1160 2533 errat.

113 2559 253 2602 Audit
275 2574 421 2616 equos,
445 2560 570 2603 audit
593 2560 800 2617 strepit-us
823 2565 867 2603 ct
891 2561 1013 2617 signa
1036 2566 1311 2616 sequentum.

77 2641 81 2646 ·
115 2631 203 2674 Nec
224 2632 403 2689 longum
424 2632 470 2674 in
491 2632 634 2675 medio
657 2638 846 2688 tempus,
873 2646 1011 2688 quum
1034 2632 1199 2675 elamor
1220 2633 1276 2675 ad
1299 2647 1423 2676 aures
1446 2634 1533 2677 395
