1731 2923
606 168 836 198 AENmDos
868 168 954 201 Lm.
990 170 1015 200 1.
1471 164 1528 207 25

96 274 243 329 Dixit,
267 279 312 317 et
333 274 380 317 in
402 289 601 317 mensam
622 275 809 318 laticum
831 276 985 320 libavit
1007 277 1234 334 honorem,

95 345 345 401 Primaque,
369 346 520 401 libato,
546 361 715 389 summo
739 353 868 390 tenus
890 349 1042 406 attigit
1065 364 1148 405 ore,

94 416 209 458 Tum
234 416 378 459 Bitiae
401 417 523 459 dedit
546 417 811 474 increpitans
829 433 839 473 ;
874 419 947 461 ille
969 420 1156 477 impiger
1176 422 1326 465 hausit

95 488 387 544 Spumantem
407 494 622 545 pateram,
647 493 691 531 et
715 490 843 546 pleno
867 505 909 533 se
932 491 1096 547 proluit
1119 508 1223 536 auro
1240 507 1252 548 ;

92 559 200 601 Post
222 559 297 601 alii
319 574 524 615 proceres.
591 560 774 603 Cithara
796 562 979 606 crinitus
1002 563 1133 620 Iopas
1437 565 1525 611 740

92 630 304 672 Personat
327 636 496 686 aurata,
521 631 671 674 docuit
693 647 827 688 quem
849 634 1070 677 maximus
1092 634 1237 680 Atlas.

92 702 177 744 Hic
201 702 320 744 canit
345 708 563 745 errantem
585 703 739 745 lunam
762 705 946 761 solisque
968 706 1149 763 labores,

92 772 224 815 Unde
246 773 476 816 hominum
498 788 635 830 genus
657 779 701 816 et
724 766 927 832 pecudes,
951 777 1069 821 unde
1090 777 1232 821 imber
1252 784 1297 822 et
1322 779 1459 837 ignes,

91 844 331 886 Arcturum
354 843 613 899 pluviasque
636 844 818 900 Hyadas
840 847 1120 904 geminosque
1146 849 1340 906 Triones,

90 914 207 968 Quid
228 919 411 956 tantum
435 929 593 957 oceano
615 922 848 972 properent
871 931 916 960 se
939 918 1140 975 tinguere
1164 921 1273 963 soles
1432 920 1520 966 745

90 985 290 1042 Hiberni,
315 985 383 1028 vel
405 1000 516 1041 quae
539 986 677 1029 tardis
701 1002 822 1030 mora
844 989 1048 1032 noctibus
1070 991 1227 1034 obstet.

89 1056 370 1114 Ingeminant
392 1057 551 1113 plausu
575 1057 710 1114 Tyrii,
736 1057 956 1115 Troesque
979 1066 1235 1116 sequuntur.

88 1126 180 1170 Nec
202 1142 290 1170 non
311 1132 355 1170 et
377 1127 495 1171 vario
518 1134 693 1171 noctem
716 1143 909 1172 sermone
933 1131 1138 1176 trahebat

87 1197 250 1240 Infelix
273 1197 404 1255 Dido,
422 1199 693 1256 longumque
714 1200 895 1244 bibebat
919 1217 1127 1259 amorem,

87 1269 235 1312 Multa
257 1284 386 1326 super
407 1270 582 1314 Priamo
605 1271 814 1328 rogitans,
840 1287 970 1329 super
991 1273 1182 1317 Hectore
1205 1275 1351 1318 multa
1372 1290 1383 1331 ;
1430 1274 1520 1321 '750

87 1340 233 1397 Nunc,
258 1341 416 1398 quibus
437 1341 634 1385 Aurorae
655 1342 848 1387 venisset
870 1344 987 1388 filius
1009 1345 1156 1401 armis,

87 1412 232 1469 Nunc,
256 1413 407 1470 quales
430 1413 656 1457 Diomedis
679 1414 794 1471 equi,
818 1430 949 1472 nunc,
974 1422 1167 1472 quantus
1190 1416 1396 1462 Achilles.

88 1484 115 1505 ‘⁴
133 1485 231 1528 Imo
253 1499 333 1542 age
355 1490 400 1528 et
423 1499 449 1527 a
471 1485 615 1544 prima
635 1486 719 1542 dic,
742 1486 913 1543 hospes,
937 1487 1100 1544 origine
1124 1489 1248 1532 nobis

87 1555 115 1576 “
132 1555 322 1598 Insidias
335 1556 361 1574 ’³
382 1555 530 1611 inquit
554 1555 582 1576 ‘⁶
601 1556 824 1613 Danas1m,
848 1572 1061 1613 casusque
1084 1564 1275 1615 tuorum,

89 1625 117 1648 “
134 1627 396 1683 Erroresque
419 1631 519 1669 tuos
538 1640 547 1670 z
582 1641 688 1669 narn
710 1631 753 1669 te
770 1625 866 1683 jam
888 1628 1079 1684 septima
1101 1635 1250 1686 portat
1429 1629 1518 1676 755

87 1696 115 1720 ‘³
134 1697 352 1742 Omnibus
374 1702 593 1740 errantem
615 1697 741 1742 terris
764 1703 809 1741 et
830 1697 1039 1742 fluctibus
1061 1702 1246 1746 aestas.’'

444 1767 471 1807 2
