1731 2923
576 141 805 172 AENEIDos
840 142 926 173 Lm.
962 142 1023 173 1v.
1459 130 1516 176 79

111 249 124 271 ‘
140 249 388 305 Alloquere,
412 254 456 292 et
475 249 634 292 celeres
656 249 776 292 defer
792 264 889 292 mea
910 250 1032 291 dicta
1055 264 1132 305 per
1155 264 1294 293 auras.

95 320 121 341 ‘⁴
138 321 240 363 Non
261 321 387 362 illum
408 320 531 362 nobis
548 320 747 376 genetrix
768 320 1062 376 pulcherrima
1085 321 1221 363 talem

94 389 122 410 ‘⁶
140 390 360 445 Promisit,
386 390 654 444 Graiumque
677 390 772 432 ideo
794 390 860 432 bis
883 390 1075 432 vindicat
1099 390 1229 432 armis
1249 405 1260 444 3

94 460 121 481 “
142 461 227 504 Sed
248 461 351 515 fore,
377 461 452 516 qui
473 460 698 517 gravidam
722 460 913 516 imperiis
935 460 1134 516 belloque
1158 462 1416 503 frementem

93 531 120 551 ‘⁴
138 532 316 573 Italiam
339 537 518 588 regeret,
542 546 676 588 genus
699 532 787 573 alto
810 546 836 573 a
859 533 1067 588 sanguiue
1093 533 1250 574 Teucri
1431 533 1519 574 230

93 602 118 622 “
138 602 360 657 Proderet,
385 617 434 645 ac
458 608 604 645 totum
627 603 706 645 sub
728 602 842 659 leges
865 603 1060 645 mitteret
1084 604 1241 646 orbem.

93 672 119 693 “
141 673 187 716 Si
209 673 330 715 nulla
352 673 552 715 accendit
569 678 798 715 tantarum
819 673 954 728 gloria
977 689 1136 728 rerum,

93 743 118 763 ‘⁶
138 743 230 785 Nec
255 758 382 800 super
402 744 494 800 ipse
517 758 595 786 sua
616 744 796 786 molitur
816 744 946 786 laude
968 745 1159 787 laborem
1177 759 1187 799 3

93 813 121 834 ‘⁴
138 814 385 857 Ascanione
407 820 533 870 pater
555 815 773 857 Romanas
794 815 961 858 invidet
984 817 1139 859 arces?

93 884 120 905 ‘⁶
140 885 257 938 Quid
280 885 424 939 struit,
449 890 528 927 aut
551 899 639 940 qua
662 900 737 940 spe
760 885 937 927 inimica
958 886 1005 927 in
1026 893 1156 942 gente
1178 893 1387 942 moratur,
1431 888 1519 931 235

93 954 121 976 “
140 955 233 997 Nec
257 955 424 1011 prolem
445 955 688 997 Ausoniam
711 961 755 997 et
777 955 962 997 Lavinia
984 956 1160 1012 respicit
1182 972 1285 999 arva
1304 960 1325 1001 P

93 1025 120 1046 ‘⁶
135 1025 354 1083 Naviget!
420 1026 543 1069 Haec
568 1041 740 1069 summa
762 1031 827 1069 est
846 1041 856 1081 3
891 1027 961 1069 hic
985 1028 1121 1070 nostri
1142 1029 1326 1071 nuntius
1350 1031 1486 1072 esto.'’

92 1098 277 1140 Dixerat
295 1113 305 1153 3
339 1099 414 1141 ille
436 1099 572 1155 patris
594 1099 743 1155 magni
765 1114 913 1155 parere
936 1099 1123 1155 parabat

91 1168 297 1225 Imperio,
322 1174 365 1211 et
387 1169 579 1225 primum
601 1169 786 1225 pedibus
811 1169 965 1211 talaria
988 1170 1129 1212 nectit

91 1238 252 1294 Aurea,
276 1253 388 1294 quae
412 1239 644 1282 sublimem
666 1239 759 1294 alis,
780 1239 869 1282 sive
891 1254 1078 1295 aequora
1101 1255 1247 1296 supra,
1432 1241 1521 1283 240

94 1310 181 1352 Seu
202 1314 376 1365 terram,
401 1310 551 1366 rapido
572 1310 737 1366 pariter
759 1325 860 1353 cum
880 1311 1059 1354 flamine
1081 1318 1277 1368 portant.

93 1380 211 1423 Tum
232 1380 402 1437 virgam
424 1381 649 1437 capit—hac
672 1381 842 1424 animas
864 1382 936 1424 ille
960 1389 1111 1426 evocat
1136 1383 1244 1427 Orco

92 1450 328 1506 Pallentes,
353 1451 460 1494 alias
483 1452 564 1494 sub
589 1452 776 1494 Tartara
798 1452 945 1495 tristia
967 1454 1128 1509 mittit,

93 1520 185 1563 Dat
209 1535 379 1563 somnos
401 1521 660 1577 adimitque,
685 1528 729 1564 et
750 1523 919 1565 lumina
940 1529 1079 1566 morte
1101 1524 1324 1581 resignat—.

91 1590 177 1634 Illa
198 1591 337 1633 fretus
359 1592 451 1647 agit
472 1596 640 1647 ventos,
664 1597 708 1634 et
731 1593 908 1635 turbida
931 1598 1080 1636 tranat
1432 1594 1520 1639 245

92 1661 269 1704 Nubila.
333 1661 365 1704 J
368 1675 528 1717 amque
550 1662 699 1704 volans
721 1662 891 1718 apicem
913 1668 957 1705 et
979 1663 1121 1705 latera
1143 1664 1279 1706 ardua
1301 1665 1440 1707 cernit

91 1732 291 1775 Atlantis
313 1731 425 1787 duri,
450 1732 622 1783 coelum
645 1732 723 1787 qui
743 1733 906 1775 vertice
926 1733 1070 1789 fulcit,
1086 1738 1104 1743 Χ·

92 1803 305 1859 Atlantis,
329 1803 526 1846 cinctum
547 1803 720 1846 assidue
742 1803 813 1846 cui
834 1804 1024 1847 nubibus
1046 1805 1154 1847 atris

93 1874 335 1918 Piniferum
356 1879 493 1930 caput
515 1878 560 1916 et
581 1878 714 1916 vento
735 1874 938 1931 pulsatur
960 1880 1004 1916 et
1027 1875 1169 1931 imbri,

94 1947 186 1990 Nix
206 1946 410 1989 humeros
431 1946 577 1988 infusa
599 1945 713 2002 tegit
730 1960 740 1990 ε
775 1951 875 1988 tum
896 1946 1079 1991 flumina
1103 1952 1252 1990 mento
1434 1950 1523 1993 250

95 2017 398 2074 Praecipitant
421 2016 547 2072 senis,
573 2022 618 2059 et
634 2016 771 2073 glacie
794 2016 904 2073 riget
925 2017 1098 2059 horrida
1119 2018 1263 2062 barba.

95 2089 181 2131 Hic
204 2089 395 2144 primum
416 2087 594 2144 paribus
616 2087 761 2129 nitens
786 2087 1009 2143 Cyllenius
1031 2088 1112 2131 alis

96 2158 308 2203 Constitit
328 2171 339 2211 3
372 2157 474 2199 hinc
496 2162 589 2199 toto
611 2171 818 2213 praeceps
841 2171 884 2199 se
907 2172 1080 2213 corpore
1103 2159 1160 2201 ad
1181 2160 1323 2202 undas

98 2230 241 2284 Misit,
266 2229 337 2271 avi
359 2228 526 2283 similis,
551 2228 848 2288 quaepircum
869 2228 1011 2283 litora,
1037 2229 1202 2272 circum

97 2302 293 2344 Piscosos
316 2299 512 2356 scopulos
529 2299 706 2341 humilis
728 2299 847 2340 volat
871 2313 1059 2354 aequora
1075 2299 1220 2355 juxta.
1434 2302 1522 2346 255

98 2371 234 2414 Hauo.
258 2371 386 2413 aliter
407 2375 547 2412 terras
568 2368 684 2411 intcr
705 2368 961 2424 coelumque
984 2369 1162 2418 volabat

98 2440 225 2484 Litus
247 2454 478 2483 arenosum
500 2440 557 2482 ad
578 2439 759 2494 Libyae,
782 2443 1021 2494 ventosque
1046 2440 1224 2483 secabat

101 2511 303 2555 Materno
324 2511 504 2554 veniens
525 2511 581 2553 ab
604 2525 683 2553 avo
709 2509 905 2566 Cyllenia
927 2511 1081 2567 proles.

101 2583 168 2627 Ut
191 2583 385 2641 primum
406 2582 535 2626 alatis
557 2582 705 2639 tetigit
728 2581 921 2638 magalia
943 2582 1123 2639 plantis,
