1757 2916
191 131 280 176 242
696 144 926 175 AENEmos
960 144 1044 175 Lm.
1080 145 1122 175 x.

192 253 360 299 Obvius
382 254 442 297 ire
465 260 603 311 parat.
671 253 823 296 Manet
847 253 1171 308 imperterritus
1193 253 1280 309 ille,
1539 250 1628 298 '770

195 326 384 369 Hostem
407 326 744 382 magnanimum
767 325 1008 381 opperiens,
1033 331 1077 367 et
1101 326 1213 368 mole
1238 340 1316 368 sua
1340 331 1444 381 stat,

193 398 343 454 Atque
367 398 504 440 oculis
527 397 722 454 spatium
745 411 959 451 emensus,
985 402 1206 452 quantum
1231 397 1335 439 satis
1359 398 1526 453 hastae,

194 469 220 490 “
243 470 412 512 Dextra
434 468 543 510 mihi
565 469 672 510 deus
695 473 739 510 et
763 468 916 522 telum,
942 469 1057 523 quod
1080 468 1240 511 missile
1262 469 1386 524 libro,

194 540 368 583 “Nunc
393 539 565 582 adsint!
634 538 782 581 Voveo
807 539 1034 595 praedonis
1057 553 1229 595 corpore
1252 541 1390 596 raptis

196 613 221 632 “
243 612 459 653 Indutum
483 609 630 665 spoliis
653 609 799 665 ipsum
824 615 882 664 te,
906 609 1066 665 Lause,
1091 615 1326 667 tropaeum
1541 609 1630 655 775

193 683 219 702 ‘³
242 683 462 725 Aeneae.''
528 681 673 737 Dixit,
698 681 1044 737 stridentemque
1067 682 1239 724 eminus
1260 682 1437 724 hastam

191 754 337 807 Jecit;
372 758 419 795 at
442 752 518 794 illa
541 752 691 794 volans
713 752 853 808 clipeo
876 758 942 795 est
965 767 1160 807 excussa,
1185 753 1423 809 proculque

191 824 436 882 Egregium
457 824 660 867 Antoren
681 824 799 866 latus
822 824 937 867 inter
960 829 1004 866 et
1028 823 1102 866 ilia
1123 823 1237 880 figit,

192 896 397 939 Herculis
419 895 621 938 Antoren
644 895 865 950 comitem,
892 895 969 951 qui
990 895 1148 938 missus
1169 895 1225 937 ab
1247 894 1378 952 Argis

194 967 410 1011 Haeserat
433 967 638 1010 Evandro
662 972 797 1023 atque
821 967 938 1009 Itala
961 967 1214 1010 consederat
1238 967 1355 1010 urbe.
1540 964 1630 1009 780

194 1040 416 1084 Sternitur
436 1039 591 1082 infelix
613 1039 753 1081 alieno
776 1039 970 1093 vulnere,
996 1038 1253 1094 coelumque

194 1111 404 1168 Adspicit
427 1116 472 1153 et
496 1111 647 1153 dulces
671 1110 857 1152 moriens
881 1109 1177 1152 reminiscitur
1198 1109 1352 1165 Argos.

140 1175 154 1182 *⁵
194 1183 313 1225 Tum
335 1182 435 1239 pius
457 1182 633 1224 Aeneas
656 1181 832 1223 hastam
849 1180 985 1236 jacit:
1021 1180 1098 1222 illa
1121 1195 1198 1236 per
1219 1180 1367 1223 orbem

192 1253 307 1296 Aere
331 1267 489 1296 cavum
512 1251 687 1309 triplici,
713 1266 788 1308 per
808 1251 924 1294 linea
946 1257 1083 1308 terga,
1108 1251 1339 1307 tribusque

194 1325 389 1368 Transiit
410 1324 637 1366 intextum
660 1323 801 1366 tauris
823 1337 945 1379 opus,
969 1322 1149 1376 imaque
1172 1323 1286 1365 sedit
1541 1321 1597 1366 78

193 1396 380 1453 Inguine
397 1410 407 1450 ;
443 1395 518 1438 sed
540 1395 650 1437 vires
671 1394 792 1436 haud
814 1394 1009 1450 pertulit.
1075 1393 1208 1437 Ocius
1231 1407 1378 1436 ensem

193 1468 382 1523 Aeneas,
407 1467 498 1509 viso
523 1465 737 1522 Tyrrheni
758 1464 969 1521 sanguine
990 1464 1148 1520 laetus,

191 1537 340 1594 Eripit
363 1552 389 1579 a
410 1536 584 1592 semine,
609 1541 654 1578 et
677 1535 919 1592 trepidanti
939 1535 1133 1578 fervidus
1155 1535 1308 1579 instat.

193 1609 418 1666 Ingemuit
441 1608 530 1651 cari
551 1607 739 1665 graviter
760 1607 965 1664 genitoris
987 1621 1147 1663 amore,

193 1681 262 1725 Ut
285 1680 413 1736 vidit,
437 1680 625 1735 Lausus,
648 1678 942 1735 lacrimaeque
965 1693 1042 1735 per
1064 1693 1137 1722 ora
1158 1679 1345 1722 volutae.
1542 1676 1632 1723 790

199 1752 285 1794 Hic
308 1751 459 1794 mortis
482 1751 613 1793 durae
636 1764 786 1793 casum
809 1755 973 1806 tuaque
996 1749 1165 1806 optima
1185 1749 1319 1805 facta,

197 1823 243 1866 Si
266 1838 353 1878 qua
374 1823 509 1865 fidem
532 1818 746 1865 tanto‘est
769 1821 887 1877 operi
908 1821 1054 1863 latura
1075 1827 1289 1876 vetustas,

194 1894 295 1936 Non
318 1894 535 1949 equidem,
559 1907 637 1934 nec
660 1897 719 1947 te,
739 1891 913 1947 juvenis
936 1892 1226 1946 memorande,
1252 1891 1397 1934 silebo.

195 1966 277 2007 Ille
302 1965 457 2021 pedem
478 1964 665 2005 reserens
688 1967 731 2004 ct
755 1961 924 2004 inutilis
946 1961 1079 2017 inque
1101 1962 1266 2018 ligatus

196 2036 408 2090 Cedebat,
433 2035 661 2091 clipeoque
685 2033 914 2075 inimicum
937 2032 1097 2075 hastile
1119 2033 1324 2075 trahebat
1345 2046 1355 2076 :
1541 2030 1630 2076 795

196 2107 422 2163 Proripuit
441 2105 615 2161 juvenis
639 2119 814 2160 scscquc
836 2103 1078 2146 immiscuit
1099 2103 1246 2159 armis,

196 2178 390 2233 Jamque
413 2175 679 2232 assurgentis
702 2171 857 2217 dextra
879 2175 1142 2231 plagamque
1163 2173 1339 2216 ferentis

195 2249 373 2292 Aeneae
397 2247 531 2290 subiit
556 2260 820 2300 mucronem,
845 2246 1078 2301 ipsumque
1100 2245 1308 2287 morando

199 2319 433 2363 Sustinuit.
501 2317 615 2361 Socii
636 2332 797 2373 magno
820 2317 1008 2359 clamore
1031 2321 1287 2372 sequuntur,

200 2392 320 2433 Dum
344 2390 513 2447 genitor
535 2389 630 2431 nati
653 2403 806 2445 parma
830 2393 1052 2444 protectus
1075 2387 1230 2443 abiret,
1540 2386 1630 2430 800

196 2462 389 2517 Telaque
411 2459 664 2515 conjiciunt,
690 2459 1040 2515 proturbantque
1064 2459 1236 2501 eminus
1257 2458 1429 2501 hostem

197 2531 447 2576 Missilibus.
513 2530 646 2572 Furit
669 2529 858 2584 Aeneas,
881 2534 1118 2585 tectusque
1142 2534 1264 2571 tenet
1287 2543 1343 2573 sc.

197 2603 264 2656 Ac
288 2602 424 2658 velut,
448 2600 586 2644 effusa
609 2600 644 2644 si
666 2600 841 2657 quando
863 2599 1073 2654 grandine
1097 2599 1236 2643 nimbi

1603 1325 1629 1365 U(
