1741 2902
560 145 788 176 AENEIDos
820 147 906 179 LIB.
940 147 1007 178 1x.
1424 142 1511 184 213

87 249 282 307 Trajicit.
350 251 378 273 ‘⁶
396 252 433 307 Ι,
457 253 597 295 verbis
620 253 834 296 virtutem
856 255 990 298 illude
1014 258 1233 313 superbis!

87 320 113 340 “
131 321 205 363 Bis
229 323 349 378 capti
371 321 565 379 Phryges
587 323 693 366 haec
712 325 890 368 Rutulis
910 341 1110 383 responsa
1128 330 1405 374 remittunt.''
1427 332 1511 375 635

84 391 178 434 Hoc
201 399 378 436 tantum
400 393 647 449 Ascanius3
685 396 838 438 Teuci'
808 412 842 438 '1
863 398 1047 440 clamore
1071 407 1329 456 sequuntur,

83 460 359 525 Laetitiaque
381 464 609 507 fremunt
597 466 848 522 animosque
872 469 927 510 ad
951 469 1091 511 sidera
1114 471 1288 514 tollunt

82 532 292 575 Aetheria
314 539 414 576 tum
435 535 545 578 forte
568 537 699 593 plaga
722 538 829 580 011111
819 538 906 581 tus
928 539 1090 596 Apollo

82 603 282 660 Desuper
302 605 521 649 Α115011115
543 608 656 650 acies
678 609 919 665 urbemque
942 611 1132 666 videbat,

80 673 209 716 Nube
233 676 402 732 sedens,
426 682 560 733 atque
585 678 652 721 his
677 679 883 722 victorem
906 681 1068 724 affatur
1089 683 1264 727 Iulum:
1422 686 1507 728 (540

82 743 272 787 “Macte
295 761 406 789 nova
429 747 609 803 virtute,
634 763 744 805 puer
763 765 771 793 :
808 750 869 793 sic
891 751 983 793 itur
1004 753 1060 795 ad
1083 758 1216 808 astra,

81 813 108 834 ‘³
129 814 209 857 Dis
231 816 378 871 genite
401 822 446 859 et
470 818 669 874 geniture
691 820 803 864 deos.
867 821 898 864 J
902 836 977 864 ure
999 823 1148 865 omnia
1171 825 1284 866 bella

75 885 109 913 ·“
130 886 274 930 Gente
298 889 377 932 sub
400 889 607 932 Assaraci
626 891 719 934 fato
739 897 925 935 ventura
949 893 1154 950 resident,

80 955 105 976 ‘⁶
125 957 168 998 N
171 972 217 999 ec
239 964 283 999 te
307 959 436 1015 Troja
458 961 588 1016 capit.
594 962 617 979 ''
683 962 825 1005 Simul
847 963 952 1005 haec
976 963 1134 1007 effatus
1157 967 1212 1007 ab
1235 967 1324 1009 alto

77 1027 266 1070 Aethere
289 1039 332 1071 se
355 1030 512 1086 mittit,
538 1031 753 1087 spirantes
775 1033 968 1076 dimovet
991 1049 1131 1089 auras,
1419 1039 1504 1082 645

77 1098 402 1155 Ascaniumque
425 1101 573 1156 petit3
607 1102 791 1145 formam
812 1110 911 1146 tum
933 1105 1120 1148 vertitur
1142 1107 1203 1148 ori
1208 1122 1226 1149 5

76 1167 330 1224 Antiquum
352 1170 398 1212 in
422 1171 583 1215 Buten.
648 1173 734 1215 Hic
760 1174 985 1217 Dardanio
1006 1175 1229 1219 Anchisae

74 1238 274 1295 Armiger
295 1246 399 1282 ante
421 1241 509 1284 fuit
530 1242 731 1299 fidusque
753 1245 810 1286 ad
831 1245 986 1287 limina
1009 1251 1170 1302 custos,

75 1308 192 1351 Tum
215 1311 422 1353 comitem
444 1312 636 1356 Ascanio
659 1320 785 1370 pater
806 1315 989 1360 addidit.
1054 1317 1159 1359 Ibat
1181 1318 1341 1375 Apollo

74 1379 234 1423 Omnia
256 1382 466 1439 longaevo
489 1385 657 1441 similis,
683 1401 918 1442 vocemque
941 1388 1211 1445 coloremque
1414 1392 1500 1435 650

117 1455 135 1492 t
159 1452 295 1495 crines
318 1454 437 1496 albos
459 1460 503 1497 et
528 1471 655 1498 saeva
678 1457 902 1500 sonoribus
923 1473 1046 1500 arma
1064 1473 1074 1513 ;
1233 1471 1237 1475 ·

73 1520 223 1576 Atque
245 1523 312 1565 1115
335 1524 561 1566 aidentem
583 1526 714 1569 dictis
737 1527 900 1569 affatur
923 1528 1102 1572 Iulum:

74 1590 101 1610 “
122 1591 189 1633 Sit
212 1593 295 1635 sati
299 1608 331 1648 5,
356 1593 540 1650 Aenide,
565 1596 698 1638 telis*
686 1611 747 1638 1111
751 1612 867 1652 pune
889 1598 1150 1640 Numanum

72 1660 100 1682 ‘⁶
121 1661 369 1719 Oppetiisse
392 1665 512 1709 tuis:
547 1654 735 1722 primam
756 1668 867 1710 hanc
890 1668 975 1711 tibi
996 1683 1183 1726 maonus
1206 1670 1367 1727 Apollo

71 1730 98 1751 ‘⁶
115 1731 324 1776 Concedit
348 1735 538 1791 laudem,
564 1742 608 1778 et
630 1737 805 1793 paribus
827 1753 913 1781 non
934 1739 1102 1782 invidet
1124 1740 1255 1783 armis
1276 1755 1285 1794 3
1411 1743 1497 1786 655

71 1802 98 1823 ‘⁶
115 1801 270 1845 Cetera
291 1818 434 1860 parce,
457 1793 579 1862 puer,
603 1807 758 1851 bello.''
824 1808 894 1858 810
917 1823 1037 1852 orsus
1059 1809 1219 1866 Apollo

70 1870 280 1916 Mortales
303 1875 444 1918 medio
467 1877 700 1933 adspectus
723 1893 917 1922 sermone
940 1880 1134 1936 reliquit,

66 1943 128 1985 Et
149 1945 301 2000 procul
311 1945 368 1987 ‘in
389 1951 570 1989 tenuem
592 1963 646 1990 ex
667 1949 803 1992 oculis
827 1950 1007 2002 evanuit
1028 1965 1192 1996 auram.

67 2013 294 2069 Agnovere
317 2017 448 2058 deum
471 2033 666 2073 proceres
688 2019 923 2076 divinaque
947 2021 1038 2063 tela

67 2083 362 2141 Dardanidae,
386 2087 723 2145 pharetramque
745 2089 850 2147 fuga
873 2105 1040 2134 sensere
1063 2097 1304 2136 sonantem.
1407 2094 1493 2136 660

63 2153 179 2209 Ergo
201 2155 380 2197 avidum
401 2145 576 2213 pugnae
598 2159 726 2202 (lictis
749 2175 798 2202 ac
822 2162 1002 2203 numine
1027 2162 1193 2204 Phoebi

63 2224 307 2266 Ascanium
329 2226 574 2281 prohibent,
598 2228 683 2283 ipsi
703 2229 749 2270 in
771 2231 1008 2272 certamina
1030 2246 1177 2274 rursus

65 2294 318 2338 Succedunt
340 2295 595 2353 animasque
617 2298 664 2339 in
685 2304 836 2354 aperta
857 2300 1049 2356 pericula
1073 2301 1278 2345 mit-tunt.

65 2364 111 2407 It
133 2365 296 2408 clamor
318 2367 423 2409 totis
444 2381 520 2423 pei·
541 2370 868 2424 propugnacula
890 2370 1024 2413 muris
1040 2385 1051 2425 3

63 2433 311 2478 Intendunt
333 2450 450 2479 acres
473 2451 612 2493 arcus,
637 2443 901 2494 amentaque
923 2445 1142 2496 torquent.
1404 2443 1486 2487 665

64 2504 286 2548 Sternitur
307 2520 433 2549 omne
456 2508 596 2550 solum
618 2508 715 2551 telis
735 2523 746 2563 ;
782 2515 880 2552 tum
902 2517 1028 2553 scuta
1049 2525 1268 2568 cavaeque

66 2574 189 2618 Dant
210 2572 402 2620 sonitum
424 2578 549 2621 flictu
571 2579 745 2636 galeae:
781 2595 930 2637 pugna
951 2596 1105 2638 aspera
1128 2583 1282 2640 surgit,
