1757 2916
207 146 298 190 270
394 157 399 162 ·
680 155 910 186 AnNssmos
943 155 1030 186 Lm.
1066 155 1128 186 xr.

209 267 590 324 Spumantemque
613 265 813 322 agitabat
836 277 1016 319 equum,
1040 277 1172 318 quem
1194 261 1321 319 pellis
1345 259 1497 305 ahenis
1553 257 1644 305 770

207 338 262 381 In
285 338 484 395 plumam
508 337 700 393 squamis
723 350 827 378 auro
850 339 1050 377 conserta
1072 334 1253 391 tegebat
1271 349 1281 388 ;

207 410 322 466 Ipse,
346 409 573 465 peregrina
594 407 811 463 ferrugine
835 406 979 448 clarus
1003 411 1047 447 et
1070 411 1201 461 ostro,

209 481 388 537 Spicula
410 480 646 535 torquebat
670 478 806 533 Lycio
830 476 1047 532 Gortynia
1069 491 1231 530 cornu,

208 550 380 593 Aureus
403 564 457 592 ex
479 549 671 591 humeris
695 552 821 590 sonat
843 561 983 601 arcus,
1008 551 1053 588 et
1077 561 1206 588 aurea
1229 546 1324 588 vati
1557 540 1647 588 '774

208 622 405 675 Cassida3
426 626 524 662 tum
548 633 742 661 croceam
766 618 1132 673 chlamydemque
1155 617 1363 673 sinusque
1387 621 1617 673 crepantes

209 692 447 736 Carbaseos
470 690 591 732 fulvo
613 689 659 732 in
681 690 847 732 nodum
870 689 1107 745 collegerat
1130 703 1249 743 auro,
1557 684 1644 730 776

208 763 362 805 Pictus
385 776 468 804 acu
490 761 666 804 tunicas
689 766 733 803 et
755 761 941 803 barbara
963 761 1163 816 tegmina
1185 773 1372 802 crurum.

207 833 340 876 Hune
364 833 496 889 virgo,
522 832 609 875 sive
631 838 684 874 ut
706 831 886 888 templis
909 831 1169 888 praefigeret
1193 845 1317 873 arma

208 903 356 959 Troia,
381 903 555 960 captivo
579 902 667 945 sive
691 907 744 945 ut
768 916 813 945 se
834 902 968 944 ferret
990 902 1036 944 in
1053 916 1172 957 auro,

208 974 426 1017 Venatrix
447 988 588 1017 unum
612 987 667 1016 ex
688 972 808 1016 omni
829 972 1069 1016 certamine
1092 986 1268 1029 pugnae
1557 968 1648 1015 780

209 1045 351 1089 Caeca
373 1045 649 1101 sequebatur,
674 1050 911 1100 totumque
933 1043 1115 1086 incauta
1137 1058 1214 1100 per
1233 1057 1392 1100 agmen

207 1117 419 1160 Femineo
440 1117 626 1173 praedae
649 1121 694 1158 et
718 1116 952 1172 spoliorum
975 1116 1156 1158 ardebat
1180 1127 1352 1159 amore:

210 1188 371 1230 Telum
393 1202 447 1230 ex
468 1187 637 1230 insidiis
661 1201 801 1242 quum
829 1187 1012 1229 tandem
1034 1192 1229 1243 tempore
1252 1191 1385 1242 capto

211 1258 417 1302 Concitat
441 1263 485 1300 et
507 1272 682 1314 superos
706 1258 878 1300 Arruns
900 1257 959 1300 sic
983 1271 1086 1299 voce
1109 1262 1341 1313 precatur:

211 1329 435 1373 “Summe
458 1330 604 1384 deum,
629 1328 770 1371 saneti
793 1333 940 1371 custos
966 1328 1155 1371 Soractis
1177 1327 1352 1384 Apollo,
1556 1325 1645 1372 785

212 1400 238 1420 “
260 1400 403 1453 Qlem
425 1400 554 1456 primi
577 1400 775 1454 colimus,
800 1399 871 1441 cui
893 1399 1047 1454 pineus
1072 1399 1196 1440 ardor
1218 1413 1371 1441 acervo

212 1472 239 1492 “
258 1472 475 1527 Pascitur,
500 1477 545 1513 et
567 1471 767 1513 medium
789 1470 889 1512 freti
914 1470 1079 1526 pietate
1103 1483 1179 1525 per
1200 1469 1347 1526 ignem

211 1543 238 1564 ‘⁴
260 1543 459 1586 Cultor-es
482 1543 624 1584 multa
647 1542 886 1599 premimus
909 1540 1094 1597 vestigia
1116 1555 1272 1597 pruna,

211 1614 239 1635 ‘⁶
263 1614 348 1669 Da,
374 1619 513 1671 pater,
538 1613 619 1656 hoe
642 1613 802 1656 nostris
824 1612 985 1655 aboleri
1007 1612 1196 1654 dedecus
1218 1611 1364 1667 armis,

211 1686 238 1706 “
254 1685 556 1742 Omnipotens.
622 1684 725 1727 Non
746 1685 927 1727 exuvias
950 1684 1156 1740 pulsaeve
1180 1689 1413 1741 tropaeum
1555 1681 1645 1728 ’790

211 1755 454 1813 “Virginis
477 1761 556 1798 aut
580 1756 718 1812 spolia
739 1756 832 1798 ulla
854 1761 957 1812 peto
974 1769 985 1810 ;
1020 1755 1130 1798 mihi
1153 1761 1295 1798 cetera
1316 1755 1498 1798 laudem

211 1827 239 1848 “
257 1828 399 1870 Facta
419 1827 585 1872 ferent:
620 1828 727 1870 haec
750 1826 843 1870 dira
865 1841 961 1869 meo
984 1828 1093 1870 dum
1115 1827 1291 1869 vulnere
1314 1826 1452 1883 pestis

212 1897 239 1919 ‘⁴
259 1898 395 1940 Pulsa
418 1898 563 1951 cadat,
587 1898 755 1953 patrias
778 1898 978 1939 remeabo
1000 1896 1210 1954 inglorius
1234 1897 1406 1940 urbes.''

211 1969 371 2012 Audiit
393 1974 439 2011 et
460 1968 551 2011 voti
574 1968 778 2011 Phoebus
801 1969 1029 2011 succedere
1054 1974 1227 2025 partem

213 2039 363 2082 Mente
386 2040 522 2095 dedit,
547 2044 722 2096 partem
744 2040 938 2082 volueres
961 2039 1165 2096 dispersit
1188 2039 1234 2082 in
1258 2053 1411 2083 auras:
1558 2035 1647 2084 '795

213 2112 433 2155 Sterneret
458 2116 510 2153 ut
533 2110 681 2153 subita
703 2110 932 2153 turbatam
955 2116 1094 2153 morte
1121 2110 1374 2166 Camillam,

211 2182 390 2225 Adnuit
413 2181 555 2224 oranti
574 2195 586 2236 ;
622 2181 827 2224 reducem
848 2186 900 2224 ut
923 2181 1066 2238 patria
1089 2181 1181 2224 alta
1203 2181 1385 2237 videret,

212 2252 313 2295 Non
333 2253 472 2308 dedit,
495 2252 627 2308 inque
653 2251 794 2295 Notos
816 2267 966 2295 vocem
989 2258 1153 2296 vertere
1176 2252 1401 2309 procellae.

212 2324 342 2380 Ergo,
366 2329 418 2366 ut
440 2323 571 2365 missa
594 2336 730 2364 manu
753 2322 945 2365 sonitum
967 2322 1090 2365 dedit
1112 2323 1241 2366 hasta
1263 2336 1341 2378 per
1362 2336 1494 2365 auras

214 2394 477 2438 Convertere
499 2393 666 2435 animos
689 2407 807 2434 acres
829 2393 1061 2448 oculosque
1083 2392 1222 2435 tulere
1557 2391 1646 2435 800

214 2466 378 2509 Cuncti
399 2466 455 2508 ad
478 2464 674 2522 reginam
697 2463 857 2506 Volsci.
926 2464 1050 2506 Nihil
1073 2464 1168 2521 ipsa
1190 2478 1269 2507 nec
1293 2478 1424 2507 aurae

213 2537 306 2579 Nee
329 2537 497 2579 sonitus
519 2550 684 2578 memor
706 2541 784 2578 aut
808 2536 1022 2578 venientis
1045 2536 1101 2578 ab
1123 2535 1299 2579 aethere
1321 2535 1416 2592 teli,

214 2607 359 2651 Hasta
381 2607 461 2650 sub
483 2612 701 2651 exsertam
723 2607 860 2650 donee
883 2607 1056 2664 perlata
1080 2607 1297 2664 papillam
