1757 2916
155 137 242 179 300
639 135 871 176 A‘ENfflDos
905 144 991 173 Lm.
1029 143 1108 172 ΧΠ.

174 259 182 277 ‘
203 257 320 300 Hinc
345 271 482 313 genus
504 254 702 299 Ausonio
723 254 918 296 mixtum
941 251 1057 309 quod
1081 249 1293 306 sanguine
1317 252 1485 305 surget,

156 328 182 348 “
204 328 346 385 Supra
368 327 581 382 homines,
608 340 739 382 supra
761 323 820 366 ire
844 323 945 365 deos
967 321 1134 378 pietate
1156 320 1335 374 videbis,

156 398 182 419 ‘⁶
198 399 291 442 Nec
314 413 419 455 gens
441 398 532 439 ulla
555 401 656 438 tuos
679 409 753 450 aeq
763 408 815 435 ue
840 390 1078 435 celebrabit
1101 391 1322 434 honores.”
1381 386 1388 392 ⁴
1506 388 1594 432 840

154 469 328 512 Adnuit
350 468 417 511 his
439 467 575 522 June,
600 471 645 508 et
667 470 863 506 mentem
883 463 1050 505 laetata
1072 461 1246 504 retorsit
1268 476 1279 516 3

153 541 330 584 Interea
355 538 529 581 excedit
553 537 685 591 coelo,
710 535 961 590 nubemque
985 533 1204 589 relinquit.

152 612 236 655 His
260 597 373 654 actis
394 610 515 652 aliud
539 608 709 666 genitor
732 621 881 650 secum
901 606 994 663 ipse
1017 605 1208 661 volutat,

153 683 487 738 Juturnamque
508 685 636 738 parat
658 679 806 722 fratris
829 677 1054 721 dimittere
1077 677 1133 721 ab
1156 677 1299 721 armis.

152 754 375 796 Dicuntur
396 752 593 809 geminae
616 756 763 808 pestes
786 749 1041 807 cognomine
1066 748 1212 804 Dirae,
1504 747 1593 792 845

152 825 273 879 Quas
296 829 341 867 et
365 824 626 867 Tartaream
649 822 753 866 Nox
774 823 1043 878 intempesta
1066 820 1318 877 Megaeram

152 897 256 940 Uno
275 898 514 953 eodemque
538 895 644 955 tulit
666 899 814 952 partu,
840 893 1108 951 paribusque
1131 891 1320 935 revinxit

152 970 421 1026 Serpentum
444 968 590 1026 spiris,
614 972 905 1022 ventosasque
928 964 1099 1008 addidit
1122 963 1227 1008 alas.

150 1039 248 1082 Hae
271 1039 302 1082 J
306 1039 396 1082 ovis
418 1040 474 1081 ad
498 1039 654 1082 solium
678 1037 882 1093 saevique
903 1036 951 1078 in
973 1035 1126 1078 limine
1144 1035 1257 1091 regis

149 1110 399 1167 Appen-ent,
425 1115 679 1165 acuuntque
703 1113 874 1151 metum
897 1107 1158 1150 mortalibus
1179 1105 1334 1163 aegris,
1504 1104 1592 1148 850

154 1182 203 1225 Si
228 1182 406 1238 quando
427 1181 571 1223 letum
593 1179 845 1223 horrificum
867 1179 1126 1234 morbosque
1148 1178 1283 1220 deum
1305 1191 1380 1220 rex

150 1252 349 1308 Molitur,
375 1252 555 1295 meritas
578 1258 657 1294 aut
678 1250 792 1293 bello
815 1250 988 1293 territat
1011 1250 1152 1293 urbes.

152 1323 327 1366 Harum
348 1338 485 1365 unam
507 1323 691 1365 celerem
713 1321 891 1364 demisit
914 1321 970 1363 ab
993 1320 1169 1363 aethere
1193 1333 1366 1363 summo
1430 1352 1450 1362 -

149 1394 343 1451 Jupiter,
368 1394 502 1449 inque
525 1407 655 1436 omen
677 1392 902 1435 Juturnae
924 1405 1145 1433 occurrere
1161 1390 1306 1446 jussit.

149 1466 236 1508 Illa
259 1465 378 1507 volat
386 1498 398 1519 ,
423 1464 638 1520 celerique
660 1463 718 1506 ad
740 1468 903 1505 terram
925 1461 1100 1505 turbine
1122 1461 1286 1504 fertur:
1500 1460 1591 1504 855

148 1536 250 1579 Non
275 1551 401 1579 secus
423 1550 473 1578 ac
496 1550 628 1578 nervo
651 1549 731 1591 per
751 1534 915 1576 nubem
936 1533 1128 1590 impulsa
1151 1532 1330 1589 sagitta,

152 1608 386 1651 Armatam
411 1607 528 1650 saevi
551 1606 747 1650 Parthus
770 1620 905 1663 quam
925 1604 1027 1648 felle
1049 1605 1217 1661 veneni,

148 1670 344 1723 Parthus
367 1680 456 1722 sive
483 1678 652 1736 Cydon,
676 1678 817 1721 telum
839 1677 1175 1732 immedicabile,
1201 1676 1345 1732 torsit,

150 1751 349 1794 Stridens
372 1755 416 1793 et
441 1751 602 1793 celeres
623 1749 851 1806 incognita
873 1748 1066 1791 transilit
1089 1747 1282 1791 umbras.

150 1822 270 1865 Talis
294 1837 337 1865 se
361 1827 459 1864 sata
481 1821 627 1864 Nocte
651 1820 772 1876 tulit,
799 1825 1023 1876 terrasque
1046 1818 1220 1876 petivit.
1498 1818 1586 1860 860

148 1893 395 1948 Postquam
417 1892 532 1935 acies
554 1892 674 1946 videt
696 1891 856 1934 Iliacas
878 1895 1013 1946 atque
1036 1889 1215 1945 agmina
1241 1887 1381 1930 Turni
1400 1901 1411 1941 3

151 1964 286 2007 Alitis
309 1964 354 2006 in
378 1977 535 2020 parvae
558 1962 754 2006 subitam
776 1962 958 2005 collecta
980 1961 1186 2017 figuram,

149 2036 273 2089 Quae
297 2036 522 2092 quondam
544 2035 590 2076 in
612 2034 756 2076 bustis
779 2038 859 2075 aut
881 2032 1148 2075 culminibus
1170 2030 1354 2074 desertis

148 2106 292 2150 Nocte
316 2107 469 2149 sedens
492 2120 637 2148 serum
659 2104 779 2147 canit
803 2103 1057 2160 importuna
1079 2117 1156 2159 per
1178 2102 1370 2157 umbras,

147 2166 421 2221 Hanc'vcrsa
444 2178 488 2220 in
510 2177 669 2219 facicm
693 2175 833 2218 Turni
857 2190 900 2218 se
924 2175 1061 2232 pestis
1085 2175 1138 2217 ob
1162 2189 1236 2216 ora
1496 2173 1584 2217 865

146 2250 340 2306 Fertque
364 2248 580 2304 refertque
604 2262 775 2303 sonans,
801 2247 1080 2304 clipeumque
1103 2246 1329 2289 everberat
1352 2244 1446 2288 alis.

146 2322 223 2366 Illi
241 2321 437 2364 membra
460 2334 597 2363 novus
621 2319 750 2362 solvit
771 2318 1000 2361 formidine
1025 2322 1187 2375 torpor,

145 2392 442 2447 Arrectaeque
465 2390 636 2433 horrore
659 2403 821 2443 comae,
845 2393 889 2430 et
914 2403 997 2430 vox
1019 2388 1220 2431 faucibus
1243 2385 1397 2430 haesit.

146 2463 224 2518 At,
239 2462 403 2520 'procul
424 2466 478 2504 ut
503 2461 636 2504 Dirae
660 2459 890 2502 stridorem
914 2458 1091 2515 agnovit
1114 2463 1158 2501 ct
1182 2457 1287 2512 alas,

147 2534 311 2577 Infelix
335 2533 471 2576 crines
494 2532 655 2575 scindit
677 2530 875 2573 Juturna
900 2531 1078 2584 solutos,
1488 2525 1578 2572 870

149 2605 383 2662 Unguibus
406 2619 480 2648 ora
502 2619 617 2647 soror
638 2603 814 2645 fomlam<
838 2607 881 2644 ct
909 2607 1085 2658 pectora
1107 2601 1283 2659 pugnis
