1741 2902
606 141 835 173 AENEIDOS
866 142 952 173 Lm.
988 142 1048 172 XI.
1449 129 1532 172 271

117 252 286 309 Haesit,
310 252 638 309 virgineumque
661 251 751 293 alte
772 249 884 293 bibit
906 254 1006 292 acta
1028 263 1237 292 cruorem.
1364 265 1400 319 7(

117 323 392 366 Concurrunt
415 322 609 378 trepidae
633 322 827 376 comites,
852 321 1161 376 dominamque
1185 314 1406 362 ruentem*
1449 319 1539 361 805

117 395 383 450 Suscipiunt.
447 393 585 449 Fugit
608 398 711 435 ante
735 407 881 435 omnes
903 391 1140 434 exterritus
1164 391 1339 433 Arruns

115 464 308 507 Laetitia
329 464 553 519 mixtoque
576 470 714 519 metu,
740 478 815 505 nec
834 463 928 518 jam
951 462 1141 518 amplius
1164 461 1316 503 hastae

117 536 296 579 Credere
320 550 396 578 nec
420 529 517 577 telis
540 549 759 577 occurrere
784 534 963 589 virginis
986 533 1135 575 audet.

115 607 182 650 Ac
205 607 328 649 velut
351 607 439 662 ille,
464 606 586 662 prius
609 620 743 661 quam
766 605 853 646 tela
874 603 1051 646 inimica
1074 607 1327 659 sequantur,

117 677 341 722 Continuo
362 678 409 720 in
431 683 602 719 montes
625 691 714 719 sese
737 675 860 718 avius
883 675 1054 717 abdidit
1078 674 1188 716 altos
1453 672 1540 713 810

116 749 268 793 Occiso
288 755 458 805 pastore
480 749 612 804 lupus
634 760 845 804 magnove
861 745 1059 802 juvence,

117 821 324 863 Conscius
346 820 522 862 audacis
542 820 662 874 facti,
686 819 960 873 caudamque
982 817 1227 859 remulcens

118 888 312 947 Subjeeit
334 891 610 947 pavitantem
632 894 769 943 utero,
794 889 1008 943 silvasque
1033 887 1218 943 petivit:

116 961 250 1004 Haud
272 975 393 1004 secus
416 975 471 1002 ex
492 960 626 1012 oculis
649 974 692 1002 se
716 959 915 1001 turbidus
938 958 1125 1001 abstulit
1147 957 1331 1012 Arruns,

117 1033 450 1087 Contentusque
470 1031 576 1087 fuga
599 1030 753 1073 mediis
775 1044 819 1072 se
841 1029 1083 1072 immiscuit
1106 1029 1248 1071 armis.
1453 1026 1540 1069 815

116 1104 201 1146 Illa
221 1118 359 1145 manu
379 1103 567 1145 moriens
590 1102 728 1144 telum
751 1101 890 1143 trahit
910 1114 921 1154 ;
956 1114 1050 1142 ossa
1073 1100 1150 1142 sed
1172 1099 1288 1141 inter

115 1174 300 1217 Ferreus
321 1174 378 1216 ad
399 1177 540 1216 costas
562 1172 651 1215 alto
677 1177 767 1215 stat
790 1172 966 1213 vulnere
989 1185 1150 1213 mucro.

116 1244 304 1287 Labitur
326 1243 573 1300 exsanguis,
597 1243 810 1285 labuntur
830 1242 990 1297 frigida
1013 1241 1103 1284 lete

115 1315 324 1370 Lumina,
347 1309 591 1372 purpureus
614 1314 834 1370 quendam
857 1314 971 1356 celer
991 1328 1064 1355 era
1087 1311 1279 1368 reliquit.

117 1387 236 1429 Tum
258 1386 317 1429 sic
340 1386 564 1442 exspirans
590 1385 772 1440 Accam,
797 1399 851 1426 ex
872 1384 1129 1440 aequalibus
1151 1397 1300 1436 unam,
1455 1381 1544 1424 820

117 1457 383 1512 Alloquitur,
407 1456 495 1498 fida
518 1461 620 1498 ante
643 1455 749 1497 alias
772 1469 883 1510 quae
905 1454 994 1496 sola
1018 1453 1243 1508 Camillae,

119 1527 308 1580 Quicum
329 1527 484 1583 partili
505 1541 643 1581 cur,as
668 1531 801 1582 atque
824 1526 928 1568 haec
949 1525 1013 1567 ita
1036 1525 1183 1568 fatur:

120 1599 149 1619 ⁴
165 1598 409 1654 Hactenus,
434 1598 554 1640 Acca
578 1612 705 1652 seror,
729 1597 882 1652 potui3
915 1610 1032 1638 nunc
1055 1596 1216 1637 vulnus
1238 1570 1447 1637 acerbum

120 1669 148 1690 ‘⁶
165 1669 365 1723 Conficit,
390 1674 434 1711 et
457 1668 648 1711 tenebiis
670 1668 921 1724 nigrescunt
943 1665 1090 1709 omnia
1112 1666 1288 1708 circum.

121 1740 148 1761 ‘⁴
165 1740 325 1797 Effuge
347 1744 392 1782 et
413 1739 519 1782 haec
544 1739 693 1781 Turno
715 1738 928 1780 mandata
951 1737 1183 1780 novissima
1205 1734 1344 1792 perfer
1363 1749 1372 1778 :
1458 1734 1545 1778 825

121 1811 150 1833 ‘⁴
171 1811 387 1855 Succedat
409 1824 582 1867 pugnae
607 1809 903 1865 Trojanosque
925 1812 1072 1850 arceat
1093 1807 1214 1850 urbe.

121 1881 149 1902 “
166 1881 358 1937 Jamque
379 1880 517 1924 vale.”
583 1879 723 1923 Simul
745 1878 816 1921 his
839 1877 969 1921 dictis
990 1877 1221 1933 linquebat
1244 1875 1453 1931 habenas,

118 1952 193 1995 Ad
214 1957 375 1994 terram
396 1966 483 1994 non
505 1954 658 2007 sponte
679 1949 831 1992 fluens.
898 1948 1016 1990 Tum
1036 1947 1194 2004 frigida
1215 1951 1308 1989 teto

122 2022 365 2065 Paullatim
387 2021 573 2064 exsolvit
596 2036 639 2064 se
661 2034 846 2077 corpore,
871 2019 1080 2075 lentaque
1103 2019 1216 2061 cella

121 2092 182 2136 Et
207 2098 388 2149 captum
410 2093 500 2136 leto
523 2093 670 2149 posuit
692 2097 840 2148 caput,
864 2105 986 2134 arma
1008 2091 1272 2146 relinquens,
1457 2088 1547 2131 830

122 2163 317 2218 Vitaque
339 2177 442 2205 cum
463 2163 634 2219 gemitu
653 2162 774 2218 fugit
795 2161 1027 2217 indignata
1049 2161 1129 2203 sub
1151 2161 1344 2203 umbras.
1377 2185 1404 2217 μγ

125 2233 243 2275 Τ11111
264 2246 364 2274 vero
384 2232 622 2274 immensus
645 2245 822 2287 surgens
843 2231 942 2273 ferit
963 2245 1095 2272 aurea
1117 2231 1280 2272 clamor
1347 2224 1365 2235 ²
1387 2221 1390 2227 ⁴

126 2303 302 2347 Sidera:
338 2301 508 2358 dejecta
530 2301 744 2343 crudescit
765 2315 915 2357 pugna
938 2299 1128 2343 Camilla
1146 2313 1157 2352 ;

124 2374 366 2416 Incuriunt
388 2371 511 2415 densi
533 2371 665 2414 simul
688 2370 826 2413 omnis
849 2369 973 2426 copia
997 2369 1219 2411 Teucrum

127 2442 426 2499 Tyrrhenique
447 2443 579 2485 duces
602 2441 669 2483 Ex
672 2441 882 2496 andlique
904 2440 1098 2483 Arcades
1120 2439 1171 2481 al
1165 2454 1225 2483 a.e
1463 2440 1550 2483 835

219 2514 282 2557 At
305 2514 476 2556 Triviae
499 2519 643 2556 custos
660 2512 756 2569 jam
778 2511 982 2554 dudum
970 2526 1017 2553 1n
1038 2510 1262 2553 mentibus
1285 2493 1396 2567 Opis

130 2585 238 2628 Alta
260 2585 380 2629 sedet
403 2584 598 2638 summis,
624 2587 880 2640 spectatque
903 2581 1088 2624 interfit
1079 2596 1105 2624 1
1126 2596 1262 2640 pugn
1251 2597 1309 2625 as.
