1731 2923
597 117 829 148 AENEIDOS
862 118 947 148 LIB.
982 117 1043 148 VI.
1460 107 1541 149 121

116 225 305 282 Corpora
327 230 532 268 natorum
553 239 563 268 ε
599 230 691 267 stat
714 225 860 267 ductis
884 224 1071 268 sortibus
1093 239 1214 269 urna.

115 297 278 340 Contra
300 297 415 339 elata
438 295 547 337 mari
569 297 798 351 respondet
825 296 989 338 Gnosia
1014 297 1169 339 tellus:

117 368 201 410 Hic
224 368 409 410 crudelis
432 382 551 410 amor
574 367 702 422 tauri,
729 372 1028 423 suppostaque
1051 368 1171 410 furto

116 438 350 494 Pasiphae,
376 438 655 494 mixtumque
677 452 813 494 genus
837 439 1066 494 prolesque
1089 439 1303 494 biformis,
1489 440 1545 483 25

115 507 407 563 Minotaurus,
432 508 561 564 inest,
587 508 768 551 Veneris
790 514 1080 551 monumenta
1104 509 1318 551 nefandae
1338 522 1349 563 ;

116 578 200 621 Hic
223 579 345 621 labor
366 579 437 621 ille
460 579 628 634 domus,
653 585 696 621 et
718 578 1032 622 inextricabilis
1054 594 1168 622 error
1187 593 1197 633 ;

117 649 331 706 Magnum
355 650 525 707 reginae
549 651 623 693 sed
645 650 760 692 enim
783 651 1015 693 miseratus
1037 665 1230 693 amorem

120 720 354 776 Daedalus,
379 721 469 777 ipse
492 722 611 764 dolos
633 722 742 763 tecti
763 722 1055 778 ambagesque
1080 722 1269 778 resolvit,

118 792 258 835 Caeca
280 807 428 849 regens
451 793 525 835 filo
548 793 744 849 vestigia.
810 793 879 836 Tu
902 809 1074 849 quoque
1096 809 1302 851 magnam
1487 795 1545 836 30

117 864 297 905 Partem
320 878 444 920 opere
467 863 513 905 10
536 870 675 919 tanto,
700 864 859 907 sineret
882 865 1014 919 dolor,
1040 865 1177 921 Icare,
1202 865 1409 909 haberes:

115 934 192 977 Bis
216 939 396 977 conatus
414 940 507 976 erat
530 949 655 977 casus
678 934 880 990 effingere
903 934 949 976 in
971 949 1076 977 auro
1095 950 1106 988 ;

115 1005 191 1048 Bis
213 1005 381 1062 patriae
405 1006 592 1048 cecidere
615 1020 784 1049 manus.
851 1006 966 1059 Quin
988 1012 1197 1062 protenus
1220 1006 1365 1049 omnia

114 1077 392 1133 Perlegerent
415 1077 565 1132 oculis,
589 1076 635 1118 ni
651 1076 746 1132 jam
768 1076 1030 1132 praemissus
1053 1076 1251 1119 Achates

112 1146 295 1202 Afforet,
318 1153 452 1203 atque
474 1161 562 1189 una
586 1146 1037 1203 PhoebiTriviaeque
1061 1147 1274 1203 sacerdos,
1487 1147 1544 1188 35

114 1218 340 1274 Deiphobe
364 1217 537 1273 Glauci,
561 1218 681 1260 fatur
703 1232 814 1274 quae
836 1218 944 1260 talia
967 1218 1082 1274 regi:

114 1287 141 1308 “
160 1288 260 1330 Non
281 1287 360 1331 hoc
384 1288 470 1330 ista
493 1287 576 1330 sibi
598 1293 776 1344 tempus
799 1289 1052 1345 spectacula
1074 1289 1213 1345 poscit
1229 1303 1241 1343 3

114 1357 142 1379 ‘⁴
162 1358 291 1401 Nunc
314 1373 442 1415 grege
466 1359 518 1402 de
540 1358 710 1402 intacto
734 1365 905 1416 septem
926 1365 1120 1402 mactare
1137 1360 1347 1416 juvencos

114 1427 141 1448 “
160 1428 449 1484 Praestiterit,
475 1428 663 1471 totidem
686 1429 822 1471 lectas
844 1430 897 1471 de
920 1444 1036 1472 more
1058 1430 1299 1474 bidentes?

204 1499 385 1541 Talibus
407 1499 543 1541 affata
567 1500 848 1542 Aenean-nec
873 1515 993 1543 sacra
1016 1505 1243 1542 morantur
1264 1491 1269 1494 ⁵
1486 1500 1544 1541 40

112 1569 143 1612 J
147 1584 248 1611 ussa
270 1569 562 1612 viri-Teucros
583 1575 710 1612 vocat
734 1570 826 1612 alta
848 1570 894 1612 10
918 1570 1084 1626 templa
1107 1571 1318 1625 sacerdos,

117 1639 324 1681 Excisum
346 1639 568 1682 Euboicae
590 1640 708 1682 latus
730 1640 883 1696 ingens
905 1641 1024 1696 rupis
1046 1641 1091 1682 10
1114 1647 1292 1682 antrum
1311 1655 1320 1684 ε

117 1710 211 1762 Quo
234 1709 315 1752 lati
336 1710 505 1752 ducunt
528 1710 674 1753 aditus
697 1716 889 1765 centum,
915 1711 1026 1753 ostia
1049 1717 1228 1753 centum
1250 1726 1260 1765 3

116 1779 247 1822 Unde
270 1785 404 1822 ruunt
426 1780 611 1822 totidem
633 1795 770 1836 Voces,
790 1795 992 1840 responsa
1017 1782 1217 1837 Sibyllae.

114 1848 313 1891 Ventum
335 1854 426 1892 erat
448 1850 505 1892 ad
526 1849 676 1906 limen,
702 1864 839 1906 quum
862 1851 979 1907 virgo
1005 1851 1031 1871 ‘⁶
1051 1852 1231 1894 Poscere
1254 1851 1348 1894 fata
1485 1851 1544 1895 45

116 1919 143 1940 ‘⁶
164 1919 359 1975 Tempus
373 1921 398 1938 ’²
421 1919 510 1964 ait:
547 1920 574 1940 ‘⁶
591 1921 712 1976 deus,
738 1935 849 1977 ecce,
873 1922 980 1964 deus
999 1925 1008 1966 !
1026 1923 1050 1940 ’²
1117 1922 1216 1979 Cui,
1241 1923 1349 1965 talia
1371 1923 1486 1965 fanti

114 1991 235 2033 Ante
256 1991 379 2047 fores,
406 1991 551 2034 subito
573 2006 660 2034 non
681 1992 846 2048 vultus,
870 2007 958 2035 non
979 1994 1094 2036 color
1114 2008 1243 2049 unus,

115 2061 217 2103 Non
239 2065 410 2103 comtae
431 2076 627 2104 mansere
651 2076 797 2104 comae
817 2076 828 2116 3
863 2063 938 2105 sed
960 2070 1115 2119 pectus
1138 2065 1362 2120 anhelum,

114 2132 176 2173 Et
199 2132 317 2173 rabie
339 2131 429 2173 fera
452 2133 580 2173 corda
602 2137 794 2187 tument,
818 2133 1040 2190 majorque
1063 2136 1212 2191 videri,

117 2201 210 2243 Nec
233 2201 417 2243 mortale
441 2215 597 2243 sonans
617 2215 626 2245 :
662 2201 813 2243 afflata
836 2208 901 2245 est
923 2204 1102 2246 numine
1124 2206 1300 2260 quando
1489 2205 1545 2247 50

115 2272 146 2315 J
151 2287 222 2314 am
244 2272 461 2328 propriore
485 2272 566 2315 dei.
632 2271 660 2292 “
677 2271 830 2315 Cessas
852 2272 897 2315 in
920 2279 1022 2315 vota
1045 2289 1291 2330 precesque,

118 2342 145 2363 ‘⁴
167 2342 274 2384 Tros
291 2343 316 2360 '³
340 2341 403 2383 ait
428 2340 454 2361 ‘⁶'
472 2341 624 2384 Aenea
640 2342 661 2385 P
697 2356 837 2384 cessas
856 2343 877 2385 P
912 2357 1051 2398 neque
1069 2343 1183 2385 enim
1202 2349 1304 2385 ante
1322 2343 1544 2386 dehiscent

120 2412 401 2454 “Attonitae
423 2427 582 2468 magna
605 2427 677 2454 ora
700 2412 855 2455 domus
872 2414 921 2467 ;’'
956 2418 1000 2455 et
1021 2413 1131 2455 talia
1152 2414 1246 2455 fata

120 2482 360 2526 Conticuit.
426 2482 609 2525 Gelidus
633 2483 814 2526 Teucris
837 2498 913 2540 per
935 2483 1044 2526 dura
1066 2485 1255 2527 cucurrit

121 2552 231 2596 Ossa
253 2556 428 2608 tremor,
451 2552 685 2608 funditque
707 2567 854 2609 preces
877 2568 952 2596 rex
973 2559 1147 2610 pectore
1169 2555 1224 2597 ab
1245 2554 1332 2597 imo
1351 2568 1361 2598 t
1488 2555 1544 2597 55

415 2622 439 2660 6
