1757 2916
154 129 242 174 278
632 141 862 172 Afflmnos
895 142 981 172 ΜΒ.
1019 140 1099 170 XII.

154 252 334 308 Ensem‚
360 256 493 308 quem
519 252 677 294 Dauno
701 250 948 307 ignipotens
969 249 1077 291 deus
1100 247 1192 304 ipse
1214 245 1386 302 parenti
1528 243 1586 288 90

154 323 339 366 Fecerat
362 328 407 365 et
433 322 588 379 Stygia
611 322 871 364 candentem
894 319 1089 362 tinxerat
1111 319 1242 361 unda.

155 395 287 450 Exin,
312 409 424 451 quae
447 394 602 436 mediis
624 392 793 448 ingenti
815 390 979 432 annixa
1000 389 1227 432 columnae

155 466 354 510 Aedibus
376 465 596 519 adstabat,
620 462 814 505 validam
836 461 880 503 vi
902 461 1080 518 corripit
1101 460 1292 515 hastam,

156 537 331 581 Actoris
353 535 554 579 Aurunci
577 534 779 591 spolium,
804 538 1073 589 quassatque
1096 537 1375 588 trementem,

157 607 433 650 Vociferans:
471 605 500 626 ‘⁶'
517 605 663 660 Nunc,
688 619 712 646 o
734 617 980 659 numquam
1002 603 1217 645 frustrata
1237 608 1422 645 vocatus
1531 603 1588 646 95

158 677 184 698 “
204 678 347 720 Hasta
370 691 501 731 meos,
527 689 642 717 nunc
666 680 844 730 tempus
867 674 991 716 adest
1012 687 1022 717 :
1059 678 1104 715 te
1126 672 1349 716 maximus
1373 673 1525 728 Actor,

118 770 121 773 ⁴
158 747 186 769 “
203 748 266 790 Te
291 746 430 789 Turni
451 760 568 788 nunc
591 746 746 788 dextra
769 745 881 801 gerit
904 758 913 789 :
949 745 1006 787 da
1028 750 1218 787 sternere
1241 758 1396 800 corpus

158 819 186 840 “
205 819 491 874 Loricamque
514 832 653 859 manu
674 816 821 859 valida
841 815 1029 858 lacerare
1052 816 1269 858 revulsam

160 891 188 912 ‘⁶
209 889 410 935 Semiviri
433 888 636 945 Phrygis,
661 892 705 930 et
727 887 899 930 foedare
921 887 968 929 in
990 888 1167 944 pulvere
1189 886 1329 929 crines

159 961 186 982 “
205 961 412 1004 Vibratos
434 959 575 1003 calido
596 959 706 1001 ferro
728 958 994 1014 myrrhaque
1015 958 1287 1001 madentes.'’
1502 954 1592 1016 100

157 1032 241 1076 His
263 1032 409 1089 agitur
429 1031 567 1087 furiis,
592 1035 773 1086 totoque
794 1029 987 1072 ardentis
1010 1029 1065 1071 ab
1087 1043 1157 1072 ore

160 1104 387 1148 Scintillae
409 1102 644 1157 absistunt,
668 1101 804 1144 oculis
825 1100 960 1143 micat
983 1100 1155 1143 acribus
1176 1099 1316 1156 ignis:

159 1175 360 1232 Mugitus
381 1173 520 1216 veluti
542 1186 680 1229 quum
701 1172 894 1228 primum
916 1171 962 1213 in
985 1171 1147 1227 proelia
1170 1176 1324 1213 taurus

160 1245 387 1289 Terrificos
409 1245 495 1287 ciet
517 1248 650 1299 atque
672 1243 799 1285 irasci
820 1242 866 1284 in
889 1256 1050 1285 cornua
1074 1246 1236 1297 tentat,

160 1318 341 1361 Arboris
363 1316 549 1359 obnixus
571 1321 740 1369 trunco,
766 1319 1004 1369 ventosque
1026 1313 1199 1356 lacessit
1503 1310 1589 1354 105

160 1389 343 1443 Ictibus,
367 1393 446 1430 aut
468 1400 617 1442 sparsa
640 1386 695 1427 ad
718 1398 915 1440 pugnam
937 1384 1130 1440 proludit
1153 1398 1296 1427 arena.

250 1459 343 1501 Nec
367 1458 511 1499 minus
534 1456 698 1497 interea
721 1454 931 1496 maternis
955 1468 1108 1496 saevus
1131 1454 1177 1495 in
1199 1452 1332 1495 armis

159 1530 332 1572 Aeneas
354 1527 474 1570 acuit
499 1525 692 1568 Martem
715 1529 759 1566 et
780 1538 827 1566 sc
851 1523 1036 1566 suscitat
1056 1523 1136 1579 ira,

160 1600 321 1643 Oblato
343 1598 537 1655 gaudens
560 1595 762 1651 componi
783 1594 953 1637 foedere
976 1594 1153 1637 bellum.

161 1672 279 1714 Tum
301 1670 435 1714 socios
457 1667 705 1724 maestique
727 1671 900 1709 metum
923 1666 1090 1709 solatur
1111 1665 1214 1722 Iuli,
1506 1664 1593 1706 110

159 1743 277 1786 Fata
298 1743 470 1796 docens,
495 1739 670 1797 regique
688 1738 818 1794 jubet
839 1752 1044 1794 responsa
1065 1736 1229 1780 Latino

161 1815 293 1858 Certa
315 1811 468 1854 referre
490 1810 601 1853 viros
624 1815 668 1852 et
690 1808 810 1866 pacis
833 1808 972 1851 dicere
994 1808 1124 1864 leges.

251 1883 433 1926 Postera
454 1881 529 1923 vix
551 1895 744 1923 summos
765 1878 1000 1935 spargebat
1020 1879 1188 1920 lumine
1211 1883 1382 1921 montes

164 1954 276 1998 Orta
297 1953 413 1996 dics:
449 1965 584 2007 quum
608 1950 804 2006 primum
825 1949 916 1991 alto
939 1963 982 1991 sc
1005 1948 1179 2005 gurgite
1201 1948 1367 1991 tollunt

164 2025 274 2070 Solis
296 2024 411 2080 equi,
435 2023 666 2078 lucemque
689 2021 815 2063 elatis
836 2020 1016 2063 naribus
1039 2019 1218 2063 efflant:
1509 2020 1593 2064 115

163 2097 385 2152 Campum
407 2094 464 2136 ad
487 2098 707 2136 certamen
723 2105 907 2148 magnac
931 2090 1010 2133 sub
1033 2090 1260 2134 moenibus
1282 2089 1402 2133 urbis

164 2167 364 2212 Dimensi
385 2165 630 2221 Rutulique
654 2163 733 2205 viri
756 2163 1000 2218 Teucrique
1025 2162 1259 2218 parabant,

162 2240 219 2283 In
241 2237 470 2293 medioque
492 2235 607 2278 focos
629 2238 673 2276 et
696 2234 764 2276 dis
787 2233 1094 2276 communibus
1119 2247 1215 2275 aras

163 2309 440 2363 Gramffleas,
464 2305 538 2348 alii
561 2305 810 2359 fontemque
833 2304 1066 2359 ignemque
1090 2303 1305 2357 ferebant,

163 2379 313 2423 Velati
334 2379 439 2422 limo
462 2382 505 2419 ct
527 2375 715 2419 verbena
738 2381 936 2430 tempora
960 2374 1108 2417 vincti.
1509 2372 1593 2414 120

163 2452 366 2496 Procedit
387 2447 814 2507 legio-Ausonidum>
840 2447 1063 2503 pilataque
1087 2446 1229 2502 plenis

164 2522 358 2580 Agmina
380 2527 423 2565 s'e
446 2520 637 2563 fundunt
661 2517 807 2574 portis.
874 2517 990 2559 Hinc
1017 2517 1174 2559 Troius
1197 2515 1338 2559 omnis

164 2593 499 2651 Tyrrhenusque
523 2589 610 2632 ruit
633 2587 761 2630 variis
786 2588 1003 2629 exereitus
1029 2587 1179 2642 armis,
