1741 2902
654 144 880 175 AENEiDos
913 144 998 174 ΜΒ.
1035 143 1114 174 ΧΠ,
1510 129 1597 171 ‘293

173 258 227 301 Se
250 271 424 299 causam
447 255 614 297 clamat
637 253 888 308 crimenque
911 256 1133 307 caputque
1156 249 1386 301 malorum,
1512 248 1598 290 600

173 328 404 382 Multaque
425 339 502 382 per
528 330 745 367 maestum
768 324 946 371 demens
968 321 1100 364 effata
1124 321 1324 373 furorem,

174 399 418 454 Purpureos
441 396 654 437 moritura
678 409 810 436 manu
833 392 1039 436 discindit
1063 391 1265 445 ax‘uictus7

173 468 233 510 Et
256 468 418 510 nodum
441 466 639 509 informis
660 466 738 507 leti
761 465 883 506 trabe
907 463 1044 506 nectit
1067 463 1121 504 ab
1145 462 1246 504 alta.

130 531 132 533 V
175 540 318 591 Quam
342 538 515 581 cladem
538 536 718 579 miserae
740 542 976 592 postquam
999 529 1200 589 acccp'e‘re
1224 532 1434 585 Latinae;

174 610 288 652 Filia
310 610 452 666 prima
475 623 611 650 manu
632 606 764 650 flavos
786 606 970 649 Lavinia
992 604 1128 647 crines
1513 602 1599 645 605

175 682 234 723 Et
258 696 401 742 roseas
419 680 590 722 laniata
612 694 758 736 genas,
783 684 881 720 tum
904 682 1046 720 cetera
1069 676 1235 719 circum

176 752 337 806 Turba,
361 736 470 793 furit
489 765 498 804 3
534 751 735 792 resonant
757 750 845 791 late
869 747 1150 804 plangoribus
1171 746 1310 788 aedes.

178 823 292 864 Hinc
316 827 456 865 totam
477 821 630 864 infelix
651 820 862 881 vulgatur
882 819 1001 861 fama
1024 832 1100 874 per
1121 817 1272 859 urbem
1289 831 1296 858 :

178 892 438 935 Demittunt
459 896 628 933 mentes
649 904 659 944 ;
694 890 730 932 it
753 890 883 932 scissa
905 894 1023 930 Veste
1047 887 1248 941 Latinus,

180 961 388 1018 Conjugis
411 961 631 1003 attonitus
654 960 757 1002 fatis
779 959 984 1014 urbisque
1008 958 1148 1012 ruina,
1514 956 1601 999 610

179 1031 401 1075 Canitiem
423 1030 652 1072 immundo
674 1028 895 1085 perfusam
918 1028 1096 1083 pulvere
1119 1032 1316 1082 turpans,

178 1101 410 1156 Multaque
434 1115 479 1143 se
499 1100 689 1154 incusat,
713 1098 790 1154 qui
811 1098 899 1140 non
920 1097 1135 1153 acceperit
1159 1101 1262 1138 ante

179 1171 454 1214 Dardanium
475 1170 674 1224 Aenean,
697 1182 989 1226 generumque
1012 1167 1242 1210 adsciverit
1263 1167 1392 1210 ultro,

269 1242 446 1284 Interea
469 1246 663 1283 extremo
685 1239 872 1282 bellator
893 1239 940 1280 in
962 1253 1144 1294 aequore
1169 1238 1346 1281 Turnus

181 1312 393 1355 Palantes
417 1310 616 1367 sequitur
638 1324 812 1367 panem,
831 1308 926 1365 jam
949 1309 1130 1366 segnior,
1155 1299 1289 1364 atque
1518 1307 1605 1349 615

183 1383 290 1426 Jam
312 1382 457 1425 minus
480 1387 614 1438 atque
636 1381 781 1423 minus
805 1394 1006 1423 successu
1029 1380 1173 1422 laetus
1196 1392 1420 1434 equorum.

182 1453 356 1496 Attulit
378 1453 496 1495 hunc
519 1452 586 1495 illi
608 1452 745 1495 caecis
768 1450 1007 1493 terroribus
1031 1464 1138 1491 aura

184 1523 487 1567 Commixtum
510 1523 756 1576 clamorem,
781 1526 1056 1575 arrectasque
1078 1519 1258 1576 impulit
1281 1533 1406 1561 aures

184 1593 399 1636 confusae
423 1607 553 1635 sonus
573 1592 692 1634 urbis
715 1597 759 1633 et
783 1591 1021 1633 illaetabile
1045 1604 1253 1632 murmur.
1362 1636 1369 1641 .

186 1663 212 1684 “
231 1663 318 1705 Hei
339 1663 461 1718 mihi,
487 1663 592 1718 quid
614 1667 742 1704 tanto
766 1663 1000 1705 turbantur
1022 1661 1193 1703 moenia
1213 1660 1353 1714 luctu,
1519 1659 1607 1703 620

187 1735 213 1755 “
231 1734 390 1787 Quisve
414 1734 501 1775 ruit
523 1738 676 1776 tantus
699 1733 866 1776 diversa
889 1733 1050 1774 clamor
1071 1731 1126 1773 ab
1149 1730 1253 1772 urbe
1275 1732 1296 1774 ?
1313 1731 1338 1748 '³

187 1805 257 1849 Sic
282 1805 360 1860 ait,
388 1804 678 1860 adductisque
700 1802 1071 1855 amens’subsistit
1094 1801 1286 1845 habenis.

189 1876 335 1931 Atque
356 1875 472 1931 huic,
496 1875 542 1917 in
562 1875 719 1917 faciem
743 1890 854 1917 soror
875 1880 927 1917 ut
950 1888 1153 1916 conversa
1175 1872 1351 1915 Metisci

187 1947 380 2003 Aurigae
403 1961 663 2001 currumque
685 1951 729 1988 et
752 1960 884 2001 equos
907 1950 951 1987 et
973 1945 1063 1986 lora
1084 1943 1279 2000 regebat,

188 2017 369 2059 Talibus
392 2016 578 2059 occurrit
602 2016 756 2059 dictis:
794 2015 820 2036 “
839 2015 949 2070 Hac,
976 2014 1138 2068 Turne,
1164 2027 1399 2069 sequamur
1522 2012 1609 2055 625

190 2095 215 2108 ‘⁶
237 2086 517 2142 Trojugenas,
542 2100 629 2141 qua
651 2086 794 2142 prima
816 2085 933 2127 viam
954 2084 1136 2127 victoria
1160 2072 1318 2140 pandit
1339 2098 1347 2126 :

191 2160 217 2178 '³
239 2159 352 2201 Sunt
374 2157 461 2211 alii,
485 2157 562 2212 qui
584 2162 703 2199 tecta
724 2170 861 2198 manu
882 2156 1109 2198 defendere
1132 2154 1310 2210 possint.

193 2229 219 2249 ‘⁴
239 2228 413 2284 ingruit
436 2227 607 2269 Aeneas
657 2226 755 2268 talis
779 2231 823 2267 ct
846 2225 1006 2280 proelia
1030 2225 1200 2278 miscet,

195 2300 220 2321 ‘⁶
239 2300 301 2341 Et
324 2313 399 2340 nos
423 2312 550 2340 saeva
574 2311 708 2338 manu
730 2296 962 2337 mittamus
984 2295 1136 2336 funcra
1160 2293 1350 2335 Teucris.

195 2370 222 2390 ‘⁶
241 2370 334 2412 Nec
357 2382 534 2410 numero
556 2366 740 2421 inferior,
760 2379 932 2421 pugnae
956 2379 1094 2419 noque
1118 2364 1272 2405 honore
1296 2363 1507 2406 1·eccdcs.'’
1528 2363 1613 2405 630

195 2440 370 2482 Turnus
392 2439 447 2480 ad
469 2439 576 2480 haec
598 2452 606 2481 :

197 2511 223 2531 ‘⁶
247 2510 283 2554 O
309 2525 436 2565 soror,
461 2515 505 2551 et
527 2509 696 2551 dudum
719 2507 887 2563 agnovi,
912 2520 1050 2561 quum
1074 2505 1215 2561 prima
1238 2519 1314 2561 per
1335 2509 1476 2547 artem

202 2581 224 2602 '‘
243 2581 436 2623 Foedera
458 2579 646 2622 turbasti
668 2584 799 2633 teque
820 2577 928 2619 hacc
951 2577 996 2618 in
1016 2576 1131 2618 bella
1154 2575 1326 2630 dedisti,
