1731 2923
1284 108 1298 122 f

616 147 847 176 AssNninos
880 148 966 178 Lm.
1005 149 1048 178 v.
1480 138 1564 184 107

133 253 213 296 llle
235 254 399 310 pedum
421 253 573 296 melior
595 258 722 296 motu
741 254 966 311 fretusque
983 255 1185 312 juventa,
1475 258 1563 301 430

102 341 105 343 ·
130 323 215 368 Hic
239 325 443 367 membris
466 329 510 367 et
532 324 646 368 mole
667 325 817 368 Valens
834 340 845 380 3
881 326 957 369 sed
978 327 1107 369 tarda
1130 327 1337 370 trement-i

129 394 286 438 Genua
307 395 476 450 labant,
501 400 646 438 vastos
669 396 816 452 quatit
839 411 968 453 aeger
988 397 1211 440 anhelitus
1233 404 1365 441 artus.

128 465 274 508 Multa
295 465 375 507 viri
397 465 697 521 nequidquam
718 466 834 509 inter
856 481 899 510 se
922 467 1102 510 vulnera
1118 467 1307 524 jactant,

127 536 275 579 Multa
298 551 402 579 cavo
425 536 555 579 lateri
577 537 869 594 ingeminant,
894 543 938 582 et
961 545 1134 595 pectore
1157 544 1304 582 vastos

127 606 250 650 Dant
274 607 457 663 sonitus,
482 612 681 665 erratque
703 623 829 652 aures
851 615 896 652 et
919 615 1117 667 tempora
1140 610 1305 654 circum
1472 612 1559 656 435

127 677 288 721 Crebra
309 693 480 734 manus,
505 679 612 722 duro
636 680 854 737 crepitant
877 681 958 723 sub
980 682 1157 724 vulnere
1180 682 1334 726 malae.

127 749 228 792 Stat
248 749 394 806 gravis
417 749 638 806 Entellus,
661 750 850 807 nisuque
872 752 1082 795 immotus
1105 753 1257 796 eodem

125 820 312 877 Corpore
334 821 424 863 tela
445 822 573 864 modo
595 827 730 878 atque
752 823 887 866 oculis
909 824 1196 881 vigilantibus
1219 825 1313 868 exit
1333 839 1345 880 ;

124 891 219 946 Ille,
243 891 365 934 velut
387 892 548 935 celsam
570 899 799 950 oppugnat
821 894 898 950 qui
919 895 1107 938 molibus
1129 896 1284 938 urbem

124 962 219 1005 Aut
241 967 454 1005 montana
476 963 598 1006 sedet
621 963 787 1006 circum
810 966 990 1007 castella
1013 966 1094 1008 sub
1116 966 1262 1022 armis,
1467 968 1556 1011 440

122 1033 254 1076 Nunc
276 1033 354 1076 hos
376 1047 494 1075 nunc
515 1033 611 1076 illos
633 1034 781 1077 aditus
803 1049 1064 1091 omnemque
1086 1042 1280 1092 pererrat

121 1103 232 1146 Arte
252 1104 413 1160 locum,
438 1109 483 1146 et
504 1104 634 1146 variis
656 1104 897 1148 assultibus
917 1104 1068 1149 irritus
1090 1112 1260 1163 urguet.

123 1174 333 1217 Ostendit
355 1174 558 1217 dextram
579 1174 808 1232 insurgens
830 1175 1039 1219 Entellus
1061 1182 1105 1219 et
1130 1177 1220 1220 alte

119 1245 325 1300 Extulit3
359 1245 431 1288 ille
453 1245 595 1288 ictum
615 1246 864 1289 venientem
887 1261 912 1289 a
934 1247 1094 1290 vertice
1116 1248 1244 1292 velox

120 1316 359 1373 Praevidit,
384 1316 597 1373 celerique
619 1317 795 1374 elapsus
818 1332 990 1375 corpore
1012 1319 1142 1362 cessit
1162 1334 1171 1363 ;
1464 1320 1554 1365 445

119 1386 325 1430 Entellus
346 1387 457 1430 vires
478 1387 524 1430 in
545 1393 730 1448 ventum
752 1387 924 1444 effudit,
950 1395 995 1432 et
1018 1390 1132 1433 ultro

120 1457 223 1513 Ipse
245 1457 389 1514 gravis
410 1458 687 1514 graviterque
710 1459 767 1501 ad
789 1463 951 1501 terram
973 1461 1161 1515 pondere
1183 1466 1311 1504 vasto

121 1527 338 1583 Concidit,
363 1533 415 1570 ut
438 1528 662 1583 quondam
684 1542 791 1570 cava
813 1528 1003 1571 concidit
1025 1541 1104 1572 aut
1127 1528 1401 1587 Erymantho

119 1598 216 1640 Aut
239 1598 322 1640 Ida
343 1598 391 1640 in
412 1613 575 1655 magna
596 1599 814 1641 radicibus
837 1604 965 1642 eruta
986 1600 1128 1656 pinus.

119 1669 401 1726 Consurgunt
426 1669 584 1713 studiis
608 1670 768 1713 Teucri
791 1675 836 1713 et
859 1671 1086 1714 Trinacria
1107 1672 1245 1728 pubes
1265 1687 1277 1727 3
1461 1673 1551 1718 450

119 1740 164 1782 It
186 1740 350 1783 clamor
371 1741 502 1797 coelo,
526 1741 779 1798 primusque
801 1742 988 1785 accurrit
1010 1742 1207 1799 Acestes,

119 1811 495 1868 AequaeVumque
517 1812 573 1855 ab
594 1812 729 1855 humo
751 1812 961 1856 miserans
983 1813 1151 1856 attollit
1174 1814 1378 1858 amicum.

118 1881 182 1924 At
204 1896 292 1925 non
314 1883 516 1925 tardatus
538 1897 643 1925 casu
667 1897 807 1940 neque
831 1883 1008 1927 territus
1029 1884 1152 1927 heros

118 1952 273 1996 Acrior
294 1954 351 1996 ad
373 1968 571 2010 pugnam
592 1953 722 2010 redit,
746 1969 797 1997 ac
820 1955 910 1997 vim
932 1955 1120 1998 suscitat
1143 1950 1218 2000 ira.

119 2023 236 2066 Tum
258 2025 397 2080 pudor
417 2024 613 2067 incendit-
635 2024 746 2068 vires
769 2031 814 2068 et
838 2026 1008 2069 conscia
1029 2026 1184 2083 virt-us,
1461 2030 1549 2073 455

119 2094 672 2151 Praecipitemque·Daren
694 2097 850 2139 ardens
871 2097 966 2153 agit
990 2111 1176 2153 aequore
1199 2103 1307 2154 toto,

119 2165 251 2207 Nunc
272 2165 428 2207 dextra
449 2165 725 2222 ingeminans
746 2166 863 2209 ictus
884 2182 1002 2211 nunc
1024 2168 1098 2210 ille
1122 2168 1306 2212 sinistra.

119 2234 212 2277 Nec
233 2249 367 2290 mora,
391 2249 470 2277 nec
492 2235 687 2291 requies:
722 2250 857 2291 quam
879 2238 1022 2279 multa
1043 2238 1253 2294 grandine
1276 2238 1414 2283 nimbi

121 2305 399 2349 Culminibus
422 2305 641 2363 crepitant
658 2320 669 2361 ;
705 2306 764 2350 sic
787 2307 931 2350 densis
952 2308 1115 2351 ictibus
1136 2309 1258 2352 heros

121 2376 280 2420 Creber
300 2382 489 2433 utraque
511 2391 649 2419 manu
670 2377 820 2434 pulsat
841 2384 1072 2434 versatque
1097 2379 1276 2424 Dareta.
1462 2380 1549 2424 460

121 2447 240 2491 Tum
259 2453 387 2505 pater
408 2448 581 2491 Aeneas
603 2449 831 2504 procedere
852 2449 1024 2505 longius
1045 2449 1129 2492 iras
1187 2494 1190 2497 ,

120 2518 182 2561 Et
204 2518 366 2561 saevire
390 2518 547 2561 animis
570 2518 803 2561 Entellum
824 2518 946 2561 haud
968 2534 1121 2576 passus
1144 2520 1321 2575 acerbis,

122 2589 207 2633 Sed
228 2589 362 2632 finem
384 2589 596 2646 imposuit
619 2603 807 2646 pugnae,
831 2589 1078 2646 fessumque
1103 2590 1270 2633 Dareta
