1741 2902
639 137 868 168 AENEIDOS
902 138 986 168 Lis.
1023 138 1102 168 xii.
1496 126 1581 169 285·

155 247 302 291 Multa
325 248 467 289 virum
485 246 678 297 ‚volitans
702 247 779 289 dat
803 245 930 306 fortia
952 259 1129 301 corpora
1150 245 1252 299 leto,

158 319 402 362 Semineces
424 318 561 360 volvit
586 318 762 372 multos,
788 322 865 359 aut
888 315 1066 372 agmina
1089 330 1217 358 curru

156 389 368 444 Proterit,
393 395 471 431 aut
494 394 644 445 raptas
666 388 939 445 fugientibus
962 387 1119 444 ingerit
1143 387 1303 430 hastas.
1496 390 1532 430 3.

154 462 306 514 Qualis
329 463 448 518 apud
472 462 603 518 gelidi
625 476 763 517 quum
784 461 968 502 flumina
991 459 1187 503 concitus
1213 460 1352 503 Hebri

153 533 430 589 Sanguineus
455 533 627 576 Mavors
650 533 786 589 clipeo
809 533 985 574 intonat
1007 537 1142 587 atque
1166 532 1361 573 furentes

151 602 278 645 Bella
301 618 478 646 movens
500 604 710 646 immittit
734 618 866 658 equos
883 617 892 656 ;
927 603 992 644 illi
1015 616 1196 658 aequore
1219 607 1371 658 aperto

149 673 269 716 Ante
293 674 432 717 Notos
457 674 795 730 Zephyrumque
818 675 982 729 volant,
1008 673 1146 729 gemit
1169 673 1331 715 ultima
1355 674 1485 729 pulsu

150 743 321 786 Thraca
346 746 525 800 pedum,
551 747 803 800 circumque
829 750 951 787 atrae
975 744 1238 786 Formidinis
1262 759 1334 786 ora
1493 746 1578 788 335

148 813 332 870 Iraeque
354 815 647 871 Insidiaeque,
672 815 741 857 dei
763 815 1016 869 comitatus,
1042 820 1260 871 aguntur:

149 885 268 927 Talis
291 900 423 941 equos
445 885 589 927 alacer
612 885 756 928 media
778 886 892 927 inter
916 886 1079 941 proelia
1103 885 1279 928 Turnus

147 955 395 997 Fumantes
420 955 572 997 sudore
601 955 757 1010 quatit,
783 955 1029 997 miserabile
1054 956 1189 997 caesis

145 1024 358 1067 Hostibus
381 1025 599 1067 insultans
619 1038 630 1078 ;
667 1025 835 1081 spargit
859 1026 1011 1080 rapida
1036 1025 1203 1080 ungula
1228 1040 1338 1067 rores

148 1095 431 1151 Sanguineos,
456 1095 686 1150 mixtaque
710 1109 833 1137 cruor
852 1095 1052 1137 calcatur
1073 1110 1214 1138 arena.
1325 1093 1444 1151 [que⁷
1490 1095 1578 1138 340

144 1165 337 1222 Jamque
360 1166 456 1209 neci
481 1166 826 1222 Sthenelumque
850 1166 971 1208 dedit
997 1166 1342 1223 'I‘hamyximque
1361 1167 1576 1209 Pholum-

144 1235 276 1279 Hunc
299 1251 551 1293 congressus
574 1243 617 1278 et
641 1237 774 1292 hunc,
798 1237 927 1279 illum
950 1237 1120 1280 eminus
1137 1251 1146 1291 ;
1182 1237 1351 1280 eminus
1374 1238 1501 1280 ambo

144 1305 426 1362 Imbrasidas,
454 1308 675 1350 Glaucum
698 1313 834 1363 atque
859 1308 1023 1363 Laden,
1049 1323 1157 1364 quos
1180 1308 1403 1351 Imbrasus
1426 1309 1520 1365 ipse

143 1377 373 1420 Nutrierat
397 1378 547 1434 Lycia,
573 1379 836 1434 paribusque
860 1384 1086 1421 ornaverat
1112 1379 1267 1435 armis,
1294 1368 1296 1370 ’

143 1447 227 1489 Vel
250 1449 439 1490 conferre
463 1463 658 1502 manum,
685 1449 754 1490 vel
776 1463 886 1503 equo
909 1454 1179 1504 praevertere
1203 1455 1367 1493 ventos
1484 1450 1570 1494 345

143 1517 276 1560 Parte
300 1519 387 1560 alia
411 1519 554 1561 media
577 1519 797 1561 Eumedes
819 1519 865 1560 in
887 1519 1049 1575 proelia
1071 1520 1223 1573 fertur,

146 1588 336 1644 Antiqui
360 1589 499 1645 proles
520 1589 632 1632 bello
656 1590 876 1645 praeclara
901 1590 1097 1643 Dolonis,
1127 1616 1134 1621 „

143 1657 332 1701 Nomine
355 1674 486 1701 avum
511 1659 707 1714 referens,
732 1660 876 1702 animo
900 1660 1190 1716 manibusque
1213 1665 1459 1716 parentem,

141 1729 228 1782 Qui
252 1724 487 1785 quondam,
512 1736 653 1772 castra
674 1736 726 1772 ut
750 1730 958 1772 Danaum
980 1731 1227 1787 speculator
1248 1731 1400 1786 adiret,

138 1800 288 1842 Ausus
310 1800 489 1842 Pelidae
512 1801 702 1856 pretium
728 1801 811 1843 sibi
831 1815 1000 1856 poscere
1024 1815 1174 1844 currus
1194 1815 1205 1854 ;
1481 1803 1571 1845 350

141 1871 275 1913 Illum
301 1871 491 1926 Tydides
513 1871 597 1914 alio
619 1886 695 1927 pro
717 1872 880 1914 talibus
903 1871 1018 1913 ausis

137 1936 303 1984 Affecit
325 1942 477 1998 pretio,
501 1956 641 1998 neque
664 1943 785 1998 equis
801 1943 1002 1999 adspirat
1026 1942 1224 1986 Achillis.

138 2012 269 2055 Hunc
292 2013 444 2069 procul
465 2017 516 2054 ut
539 2028 692 2069 campo
718 2013 892 2055 Turnus
914 2012 1138 2069 prospexit
1161 2018 1326 2069 aperto,

137 2084 257 2125 Ante
282 2084 367 2125 levi
383 2083 530 2139 jaculo
553 2085 733 2140 longum
757 2099 831 2140 per
852 2085 982 2127 inane
1005 2090 1194 2140 secutus,

139 2155 266 2197 Sistit
291 2169 424 2209 equos
444 2155 614 2210 bijuges
637 2161 680 2197 et
703 2170 831 2197 curru
852 2156 1012 2210 desilit,
1037 2160 1172 2210 atquo
1475 2156 1500 2196 3

138 2225 391 2268 Semianimi
412 2225 620 2280 lapsoque
643 2225 908 2280 supervenit,
934 2230 993 2278 et,
1014 2225 1122 2279 pede
1145 2225 1254 2266 collo

136 2296 365 2351 Impresso,
390 2296 570 2337 dextrae
593 2309 844 2337 mucronem
867 2298 1098 2348 extorquet
1122 2299 1166 2335 et
1189 2294 1279 2335 alto

136 2366 172 2407 F
178 2366 407 2422 ulgentem
430 2365 596 2422 tinguit
612 2365 780 2421 jugulu,
805 2371 938 2419 atque
959 2365 1065 2406 haec
1089 2363 1266 2420 insuper
1287 2364 1438 2407 addit:

137 2436 162 2456 ‘⁴
179 2436 264 2491 En,
289 2451 414 2492 agros
437 2442 495 2491 et,
516 2449 650 2489 quam
672 2435 798 2489 bello,
825 2434 1029 2490 Trojano,
1054 2435 1220 2490 petisti,

137 2507 164 2528 ‘⁶
185 2507 445 2564 Hesperiam
467 2507 620 2549 metire
637 2506 789 2562 jacens
810 2521 818 2549 t
854 2506 959 2548 haec
982 2506 1189 2562 praemia,
1214 2506 1291 2561 qui
1312 2519 1383 2547 me
1476 2506 1563 2548 360

151 2578 162 2599 ‘
177 2578 310 2633 Ferro
331 2578 426 2621 ausi
450 2583 631 2633 tentare,
656 2578 804 2620 ferunt
822 2591 833 2631 3
868 2576 928 2619 sic
951 2576 1121 2619 moenia
1144 2577 1382 2620 condunt.”

1528 390 1549 430 ud)

1555 390 1578 429 c>

1506 2158 1531 2197 Ul

1537 2158 1562 2197 U!
