1731 2923
601 143 831 174 AENfflDos
862 144 949 176 LIB.
984 145 1027 176 v.
1444 135 1531 179 113

102 249 131 273 ‘⁴
150 250 388 294 Hectoreos
410 266 573 306 amnes,
598 251 838 294 Xanthum
861 257 905 295 et
930 252 1171 308 Simoenta,
1199 252 1350 296 videbo
1367 254 1388 296 Ρ

101 322 129 343 “
147 323 263 376 Quin
286 323 417 379 agite,
444 328 488 365 et
510 337 683 365 mecum
705 323 919 366 infaustas
943 324 1112 366 exurite
1135 339 1305 380 puppes
1326 340 1335 370 ε
1445 326 1531 370 635

100 393 127 414 “
147 393 266 436 Nam
288 394 397 436 mihi
421 394 691 437 Cassandrae
715 410 791 451 per
813 410 1017 437 somnum
1039 395 1153 437 vatis
1176 396 1321 453 imago

99 462 127 484 ‘⁶
145 459 370 507 Ardentes*
388 465 490 506 dare
512 465 605 507 visa
625 465 753 509 faces,
820 465 831 485 ⁶
849 465 935 508 Hic
960 466 1156 522 quaerite
1183 467 1359 522 Trojam
1378 480 1388 521 3

98 534 125 554 ‘⁶
146 533 156 554 ⁴
177 534 264 577 Hic
287 535 441 578 domus
465 541 530 578 est
547 538 558 553 '
591 536 737 592 inquit
762 536 936 579 ‘vobis'
999 537 1031 580 J
1034 552 1106 579 am
1128 542 1304 594 tempus
1327 538 1396 595 agi
1422 553 1498 594 res,

98 604 125 625 ‘⁴
145 605 188 647 N
193 620 240 648 00
263 606 404 649 tantis
426 621 548 649 mora
568 607 786 663 prodigiis.
852 608 923 649 En
945 614 1136 663 quatuor
1157 623 1255 651 arae

99 675 125 695 ‘⁴
145 676 358 733 Neptuno
379 692 387 721 :
424 679 529 720 deus
552 678 645 734 ipse
666 678 782 721 faces
804 678 1090 734 animumque
1114 680 1376 723 ministrat.”
1443 680 1530 723 640

97 746 219 790 Haec
242 763 500 804 memorans,
526 749 667 805 prima
688 750 909 792 infensum
931 751 975 792 vi
998 751 1173 807 corripit
1195 751 1356 808 ignem,

98 819 370 876 Sublataque
393 821 542 877 procul
563 821 721 864 dextra
742 822 930 864 connixa
953 827 1151 865 coruscat

95 889 157 932 Et
172 890 296 945 jacit.
361 891 570 934 Arrectae
592 897 762 934 mentes
785 892 1119 948 stupefactaque
1143 893 1272 935 corda

96 960 302 1006 Iliadum.
367 963 452 1005 Hic
475 978 564 1005 una
587 977 609 1005 e
631 963 799 1018 multis,
825 977 936 1018 quae
959 963 1154 1005 maxima
1175 968 1303 1019 natu,

95 1033 253 1090 Pyrgo,
278 1039 348 1077 tot
372 1034 540 1076 Priami
561 1039 769 1076 natorum
793 1033 910 1089 regia
933 1034 1110 1077 nutrix:
1130 1033 1133 1038 ”
1438 1034 1525 1079 645

97 1104 124 1124 “
143 1104 245 1147 Non
270 1105 404 1147 Beroe
427 1105 560 1159 vobis,
585 1119 671 1147 non
693 1105 800 1147 haec
825 1104 1052 1158 Rhoeteia,
1076 1109 1253 1159 matres,

97 1175 125 1196 “
144 1176 228 1218 Est
252 1175 429 1231 Dorycli
451 1175 611 1232 conjux
632 1190 640 1219 :
677 1175 815 1218 divini
839 1175 962 1232 signa
984 1175 1147 1218 decoris

95 1247 123 1268 ⁴⁴
141 1246 445 1303 Ardentesque
466 1252 617 1290 notate
640 1247 799 1302 0011108,
825 1247 901 1303 qui
923 1247 1105 1304 spiritus
1127 1247 1205 1304 illi,

96 1318 122 1339 ‘⁸'
142 1317 227 1372 Qui
248 1318 412 1374 vultus,
435 1318 637 1374 vocisque
662 1333 805 1374 sonus,
830 1324 875 1361 et
897 1333 1067 1375 gressus
1091 1321 1226 1363 eunti.

96 1389 123 1410 ‘⁶
141 1389 245 1446 Ipsa
269 1395 441 1446 egomet
463 1390 633 1432 dudum
659 1390 831 1432 Beroen
854 1390 1044 1446 digressa
1066 1391 1223 1446 reliqui
1437 1393 1527 1436 650

62 1460 63 1463 ’
96 1458 124 1479 “
140 1459 348 1516 Aegram,
372 1459 693 1516 indignantem,
718 1460 800 1502 tali
822 1460 939 1515 quod
962 1461 1051 1502 sola
1074 1466 1239 1503 careret

95 1529 121 1550 ‘⁵
141 1529 336 1586 Munere,
360 1545 438 1573 nec
462 1530 638 1572 meritos
661 1530 882 1572 Anchisae
905 1530 1080 1572 inferret
1104 1531 1326 1575 hon01·cs.''

94 1601 215 1644 Haec
240 1601 386 1645 effata.
1172 1621 1194 1636 a

93 1671 159 1714 At
181 1677 343 1714 matres
367 1671 505 1728 primo
529 1671 742 1728 ancipites
764 1672 986 1728 oculisque
1010 1673 1212 1730 malignis

93 1742 342 1800 Ambiguae
366 1748 561 1800 spectare
584 1749 699 1785 rates
722 1743 931 1785 miserum
954 1743 1070 1786 inter
1092 1759 1283 1786 amorem
1439 1747 1526 1790 655

94 1813 341 1857 Praesentis
364 1819 501 1856 terrae
524 1813 713 1869 fatisque
737 1813 941 1856 vocantia
964 1828 1121 1870 regna:

94 1885 242 1938 Quum
263 1885 346 1927 dea
369 1899 413 1928 se
435 1885 614 1941 paribus
637 1899 713 1941 per
735 1884 901 1927 coelum
926 1885 1108 1928 sustulit
1130 1886 1223 1941 alis,

93 1954 414 2011 Ingentemque
436 1955 542 2012 fuga
564 1955 703 1998 secuit
727 1955 807 1997 sub
830 1955 1022 1998 nubibus
1043 1970 1204 1999 arcum.

95 2024 213 2067 Tum
236 2040 337 2068 vero
361 2026 579 2068 attonitae
602 2024 808 2068 monstris
830 2030 1043 2081 actaeque
1064 2026 1206 2068 furore

97 2095 400 2151 Conclamant,
426 2096 690 2152 rapiuntque
713 2095 817 2138 focis
841 2096 1136 2151 penetralibus
1158 2096 1330 2153 ignem3
1440 2098 1526 2140 660

95 2164 205 2207 Pars
228 2164 419 2220 spoliant
442 2179 552 2219 aras,
576 2165 775 2207 frondem
797 2180 846 2207 ac
868 2164 1060 2221 virgulta
1081 2166 1285 2221 facesque

96 2235 360 2290 Conjiciunt.
426 2234 557 2277 Furit
580 2235 786 2277 immissis
808 2235 1036 2277 Vulcanus
1058 2235 1240 2277 habenis

96 2306 305 2347 Transtra
327 2319 403 2361 per
426 2310 471 2347 et
493 2319 631 2347 remos
655 2310 699 2346 et
722 2305 863 2361 pictas
885 2305 1028 2347 abiete
1052 2319 1234 2360 puppes.

94 2376 296 2418 Nuntius
318 2376 539 2419 Anchisae
562 2377 619 2418 ad
641 2377 870 2418 tumulum
891 2390 1138 2432 cuneosque
1161 2376 1325 2418 theatri

95 2448 301 2490 Incensas
323 2447 485 2503 perfert
507 2462 639 2489 naves
661 2447 889 2502 Eumelus,
914 2452 958 2489 et
980 2447 1063 2503 ipsi
1441 2449 1525 2491 665

96 2517 360 2573 Respiciunt
382 2523 524 2559 atram
545 2517 591 2559 in
614 2517 761 2559 nimbo
785 2516 963 2559 volitare
986 2517 1180 2559 favillam
1202 2531 1213 2571 3

96 2589 272 2632 Primus
294 2595 339 2631 et
363 2588 597 2645 Ascanius,
621 2603 772 2632 cursus
794 2593 847 2631 ut
870 2589 1013 2630 laetus
1036 2594 1258 2644 equestres

330 2763 349 2786 l*

321 2881 340 2903 q
