1731 2923
583 144 812 174 AENEIDOS
844 145 930 175 LIB.
965 145 1030 175 1v.
1455 133 1513 179 87

83 250 110 271 ‘⁴
127 250 301 294 Cuncta
323 252 404 294 viri
425 256 713 294 monumenta
728 250 874 308 juvat,
898 256 1203 308 monstratque
1227 253 1464 296 sacerdos-,³²

80 320 203 364 Haec
227 322 359 364 effata
381 322 494 377 silet,
518 322 657 378 pallor
679 322 812 365 simul
833 327 1021 379 occupat
1045 338 1129 367 ora.
1423 329 1431 333 '

79 391 181 434 Non
202 397 353 435 tamen
373 392 507 435 Anna
528 392 650 436 novis
672 398 922 449 praetexere
943 393 1097 436 funera
1119 394 1251 437 sacris
1424 396 1511 439 500

80 461 349 505 Germanam
371 463 525 519 credit,
549 478 627 506 nec
650 469 799 508 tantos
821 469 968 507 mente
990 464 1151 507 furores

81 532 298 589 Concipit,
322 539 402 576 aut
423 534 619 591 graviora
642 535 785 591 timet,
809 550 943 592 quam
965 541 1107 579 morte
1132 535 1328 592 Sychaei.

78 603 195 661 Ergo
212 604 334 661 jussa
356 611 495 661 parat.

78 674 145 718 At
168 675 333 732 regina,
356 691 462 732 pyra
483 677 700 732 penetrali
721 677 767 719 in
789 678 888 720 sede
912 679 992 721 sub
1015 693 1144 721 auras

78 746 241 789 Erecta
263 747 432 804 ingenti
455 748 595 791 taedis
618 754 751 804 atque
772 749 872 791 ilice
895 755 1027 805 secta,
1423 752 1509 794 505

79 816 367 872 Intenditque
391 818 538 860 locum
560 818 686 861 sertis
710 824 753 861 et
775 818 926 862 fronde
950 827 1125 862 coronat

78 885 280 929 Funerea
296 901 308 941 3
343 902 474 943 super
496 888 676 930 exuvias
698 903 932 945 ensemque
956 890 1162 932 relictum

77 956 371 1013 Effigiemque
394 963 487 999 toro
509 958 640 1012 locat,
664 958 782 1001 haud
805 959 955 1014 ignara
976 959 1127 1002 futuri.

80 1028 211 1071 Stant
233 1042 331 1070 arae
353 1028 531 1083 circum,
556 1034 600 1070 et
623 1029 760 1071 crines
782 1029 921 1072 effusa
943 1031 1137 1073 sacerdos

79 1097 166 1140 Ter
186 1103 367 1140 centum
389 1103 515 1141 tonat
538 1113 608 1141 ore
630 1099 745 1155 deos,
769 1099 1052 1154 Erebumque
1077 1100 1307 1156 Chaosque
1421 1102 1508 1145 510

78 1169 475 1226 Tergeminamque
500 1169 714 1225 Hecaten,
738 1169 825 1212 tria
846 1170 1025 1227 virginis
1047 1185 1120 1213 ora
1143 1171 1324 1214 Dianae.

79 1227 307 1297 Sparserat
330 1245 375 1283 et
396 1241 548 1283 latices
572 1241 799 1284 simulatos
820 1241 953 1285 fontis
975 1241 1143 1284 Averni
1163 1255 1175 1296 ;

76 1312 283 1354 Falcibus
307 1317 351 1354 et
373 1326 537 1354 messae
560 1313 616 1354 ad
636 1312 793 1355 lunam
815 1318 1090 1368 quaeruntur
1111 1313 1237 1355 aenis

76 1383 300 1427 Pubentes
317 1383 473 1426 herbae
496 1383 609 1440 nigri
632 1398 736 1426 cum
756 1384 871 1426 lacte
893 1383 1050 1426 veneni
1068 1397 1080 1438 3
1104 1371 1113 1375 ἐ

80 1454 316 1508 Quaeritur
337 1460 381 1497 et
403 1454 624 1497 nascentis
646 1454 748 1511 equi
769 1456 822 1497 de
843 1454 985 1497 fronte
1008 1455 1205 1498 revulsus
1418 1456 1506 1499 515

76 1525 137 1567 Et
159 1525 293 1568 matri
314 1531 571 1582 praereptus
593 1539 723 1568 amor.

76 1596 180 1652 Ipsa
201 1596 316 1638 mola
338 1596 628 1651 manibusque
650 1595 732 1651 piis
754 1596 910 1638 altaria
926 1595 1072 1652 juxta,

77 1666 233 1709 Unum
255 1672 389 1708 exuta
411 1667 568 1722 pedem
591 1665 756 1721 vinclis,
780 1666 828 1708 in
848 1672 968 1709 Veste
990 1666 1193 1721 recincta,

77 1738 286 1780 Testatur
307 1737 523 1780 moritura
545 1738 645 1780 deos
668 1742 712 1780 et
735 1737 904 1780 conscia
925 1737 1007 1779 fati

77 1809 228 1853 Sidera
245 1821 257 1862 3
292 1813 404 1864 tum,
430 1808 466 1850 si
487 1808 605 1864 quod
626 1822 713 1850 non
735 1822 873 1864 aequo
894 1808 1062 1851 foedere
1084 1812 1285 1850 amantes
1419 1808 1506 1851 520

77 1880 217 1924 Curae
239 1893 404 1921 numen
424 1878 558 1921 habet
574 1877 837 1935 justumque
859 1875 1123 1934 memorque,
1147 1883 1363 1935 precatur.

75 1951 179 1994 Nox
201 1956 307 2006 erat,
332 1955 376 1992 et
398 1949 624 2006 placidum
646 1951 885 2006 carpebant
906 1950 1019 1993 fessa
1041 1965 1237 2006 soporem

76 2021 265 2077 Corpora
286 2033 365 2076 per
385 2025 536 2075 terras,
561 2020 780 2076 silvaeque
803 2025 848 2063 et
871 2035 1000 2063 saeva
1023 2020 1225 2077 quierant

76 2091 292 2147 Aequora,
315 2104 455 2146 quum
476 2090 619 2133 medio
640 2091 878 2133 volvuntur
900 2091 1041 2134 sidera
1060 2091 1202 2148 lapsu,

77 2162 226 2215 Quum
247 2165 367 2202 tacet
389 2159 530 2202 omnis
552 2175 654 2216 ager
671 2175 682 2214 3
717 2161 906 2216 pecudes
927 2162 1159 2218 pictaeque
1181 2162 1392 2217 volucres,
1418 2163 1505 2204 525

77 2233 285 2287 Quaeque
307 2231 428 2273 lacus
450 2231 540 2272 late
560 2230 761 2286 liquidos,
786 2246 984 2288 quaeque
1007 2248 1160 2289 aspera
1181 2232 1326 2275 dumis

76 2304 196 2346 Rura
217 2306 388 2356 tenent,
413 2315 561 2343 somno
584 2301 751 2356 positae
774 2302 854 2343 sub
876 2307 1004 2344 nocte
1027 2301 1188 2356 silenti,

80 2372 320 2429 [Lenibant
343 2386 469 2414 curas
493 2376 536 2413 et
560 2371 688 2414 corda
710 2372 846 2413 oblita
867 2372 1098 2428 laborum]

78 2444 141 2488 At
162 2458 249 2486 non
269 2442 424 2485 infelix
444 2441 580 2484 animi
602 2441 855 2497 Phoenissa,
879 2457 956 2485 nec
979 2457 1193 2498 umquam

78 2514 272 2560 Solvitur
293 2513 339 2555 in
361 2527 545 2568 somnos,
570 2504 759 2555 oculisve
783 2518 862 2554 aut
884 2519 1055 2569 pectore
1077 2518 1252 2556 noctem
1418 2514 1504 2558 530

75 2585 255 2642 Accipit
276 2599 284 2629 :
320 2584 596 2641 ingeminant
619 2598 760 2639 curae,
785 2597 1018 2640 rursusque
1042 2598 1266 2641 resurgens
