1731 2923
585 148 813 178 AENEIDOS
849 149 931 178 [AB.
969 149 1010 179 V.

87 257 336 315 Obstupuit
359 257 456 299 visu
477 257 662 300 Aeneas.
728 256 811 298 Ille
833 256 1006 312 agmine
1029 256 1156 313 longo

86 328 285 371 Tandem
307 327 422 370 inter
443 331 618 383 pateras
641 332 685 368 et
707 326 820 368 levia
842 327 999 382 pocula
1022 341 1198 382 serpens

86 398 347 454 Libavitque
370 398 516 454 dapes,
541 411 774 453 rursusque
796 397 998 439 innoxius
1016 397 1102 440 imo

87 469 305 512 Successit
329 469 501 510 tumulo
524 473 569 510 et
592 468 778 524 depasta
800 467 957 509 altaria
978 468 1120 523 liquit.

85 539 180 581 Hoc
203 539 342 596 magis
365 538 562 594 inceptos
584 538 771 594 genitori
793 537 1013 580 instaurat
1036 538 1230 593 honores,

86 610 305 665 Incertus,
331 609 580 652 Geniumne
602 608 684 651 loci
706 608 979 650 famulumne
1002 609 1198 665 parentis

88 680 192 722 Esse
216 685 345 736 putet
362 694 373 734 3
408 679 553 721 caedit
575 679 701 721 binas
724 680 776 721 de
799 693 915 721 more
937 679 1139 722 bidentes

87 751 261 806 Totque
284 764 381 793 sues
403 750 675 806 totidemque
698 750 923 806 nigrantes
945 755 1071 807 terga
1087 750 1307 806 juvencos.

87 823 292 879 Vinaque
314 823 529 865 fundebat
551 822 728 878 pateris,
753 822 1037 878 animamque
1060 823 1244 865 vocabat

85 893 303 935 Anchisae
325 893 476 949 magni
499 892 740 948 Manesque
763 892 1015 935 Acheronte
1039 893 1252 937 remissos,

85 964 178 1007 Nec
202 978 289 1005 non
312 967 357 1005 et
381 963 498 1018 socii,
523 976 634 1018 quae
657 962 814 1018 cuique
837 968 904 1005 est
927 964 1065 1019 copia,
1088 964 1193 1006 laeti

86 1034 214 1077 Dona
236 1033 381 1076 ferunt
402 1048 411 1077 2
446 1037 627 1076 onerant
651 1047 746 1075 aras
768 1038 1057 1090 mactantque
1075 1034 1284 1090 juvencos
1304 1047 1315 1088 3

87 1104 252 1148 Ordine
276 1109 391 1146 aena
412 1104 559 1146 locant
581 1104 669 1160 alii,
692 1103 867 1160 fusique
890 1119 966 1161 per
986 1105 1168 1148 herbam

86 1174 339 1231 Subjiciunt
361 1174 532 1217 veribus
554 1189 718 1231 prunas
740 1180 785 1218 et
807 1175 970 1218 viscera
992 1181 1173 1220 torrent.

175 1246 450 1302 Exspectata
471 1245 563 1288 dies
585 1246 738 1289 aderat
761 1261 1007 1303 nonamque
1030 1262 1178 1290 serena
1216 1234 1220 1238 ⁵

84 1316 303 1359 Auroram
325 1316 625 1359 Phaethontis
647 1317 748 1373 equi
764 1316 861 1373 jam
880 1317 978 1360 luce
1002 1318 1232 1375 vehebant,

85 1387 313 1444 Famaque
335 1387 548 1430 finitimos
571 1392 615 1429 et
640 1387 744 1430 clari
765 1402 926 1430 nomen
946 1387 1138 1432 Acestae

85 1457 319 1503 Excierat:
354 1458 471 1502 laeto
493 1459 767 1515 complerant
790 1459 921 1502 litora
942 1465 1086 1516 coetu,

85 1529 238 1572 Visuri
258 1529 503 1585 Aeneadas,
527 1545 627 1586 pars
650 1535 693 1572 et
715 1535 878 1573 certare
900 1531 1057 1586 parati.

87 1600 273 1642 Munera
296 1600 511 1656 principio
533 1605 636 1642 ante
659 1600 805 1642 oculos
829 1600 1029 1656 circoque
1051 1600 1253 1643 locantur

87 1670 143 1713 In
166 1670 321 1726 medio,
347 1671 457 1713 sacri
479 1670 674 1727 tripodes
695 1671 940 1727 viridesque
964 1686 1143 1714 coronae

89 1741 152 1784 Et
176 1741 363 1797 palmae,
387 1741 580 1797 pretium
600 1741 852 1797 victoribus,
876 1756 1085 1798 armaque
1110 1747 1154 1785 et
1177 1747 1292 1785 ostro

88 1813 297 1855 Perfusae
319 1817 476 1867 vestes,
499 1812 671 1869 argenti
692 1812 875 1868 aurique
899 1813 1148 1867 talentum3

86 1883 283 1930 Et,tuba
304 1882 556 1926 commissos
577 1882 721 1925 medio
743 1883 863 1925 canit
885 1897 1041 1940 aggere
1063 1883 1202 1927 ludos.

87 1953 238 1996 Prima
259 1968 384 2010 pares
405 1952 563 1996 ineunt
585 1953 789 2009 gravibus
812 1953 1050 1996 certamina
1071 1953 1202 1996 remis

89 2016 289 2078 Qu'atuor
310 2038 364 2066 ex
386 2023 506 2066 omni
527 2023 723 2066 delectae
746 2023 882 2066 classe
905 2024 1089 2067 carinae.

88 2094 297 2138 Velocem
319 2093 578 2137 Mnestheus
601 2093 694 2150 agit
717 2093 807 2136 acri
829 2094 991 2151 remige
1014 2094 1208 2149 Pristim,

89 2166 194 2209 Mox
218 2165 362 2208 Italus
385 2165 658 2220 Mnestheus7
684 2179 821 2221 genus
844 2180 870 2207 a
893 2179 980 2220 quo
1002 2165 1177 2208 nomine
1201 2165 1383 2207 Memmi
1401 2179 1411 2220 ;

90 2238 409 2294 lugentemque
433 2235 554 2291 Gyas
576 2235 746 2291 ingenti
768 2235 880 2278 mole
905 2235 1202 2290 Chimaeram,

90 2307 226 2351 Urbis
249 2321 373 2363 opus,
397 2305 561 2363 triplici
582 2306 719 2362 pubes
742 2319 877 2360 quam
899 2305 1109 2347 Dardana
1131 2318 1260 2347 versu

91 2378 348 2435 Impellunt,
373 2381 495 2419 terno
519 2381 788 2432 consurgunt
811 2375 958 2418 ordine
981 2374 1118 2428 remi;

93 2450 418 2506 Sergestusque,
443 2448 598 2490 domus
621 2452 743 2489 tenet
765 2461 791 2489 a
813 2461 898 2502 quo
924 2446 1072 2502 Sergia
1092 2460 1266 2501 nomen,

93 2520 314 2564 Centauro
335 2517 558 2561 invehitur
577 2532 739 2573 magna
756 2531 766 2571 3
804 2516 1036 2573 Scyllaque
1060 2516 1305 2560 Cloanthus

96 2590 321 2646 Caerulea,
344 2603 482 2646 genus
504 2589 620 2632 unde
643 2588 739 2644 tibi,
767 2588 965 2630 Romane
990 2587 1181 2631 Cluenti.

352 2658 375 2696 5

1458 136 1514 182 97

1460 258 1517 300 90

1434 965 1519 1006 100

1435 1319 1521 1362 105

1434 1672 1520 1714 110

1436 2026 1522 2069 115
