1731 2923
582 151 813 182 Annnmos
848 152 936 183 Lm.
971 153 1000 183 1,
1259 182 1262 184 ,
1478 142 1534 186 15

97 259 126 282 “
144 259 242 304 Aut
264 275 417 318 capere
441 265 521 303 aut
546 265 702 318 captas
719 259 816 317 jam
838 260 1093 317 despectare
1115 260 1334 304 videntur.

97 330 128 353 “
147 331 216 375 Ut
238 333 416 375 reduces
439 331 505 374 illi
525 332 691 375 ludunt
713 331 1005 375 stridentibus
1027 331 1123 387 alis,

98 401 125 424 ‘⁴
140 402 203 445 Et
228 408 356 445 coetu
378 402 553 445 cinxere
576 403 740 459 polum,
766 408 1013 459 cantusque
1037 402 1191 445 dedere
1209 416 1220 456 3

101 473 129 495 “
147 473 285 517 Haud
307 474 436 516 aliter
458 488 715 531 puppesque
737 479 841 516 tuae
863 474 1090 530 pubesque
1115 479 1295 516 tuorum

96 543 124 565 ‘⁶
141 544 239 587 Aut
262 550 441 601 portum
463 549 600 600 tenet,
625 549 706 587 aut
729 545 857 601 pleno
880 544 1000 587 subit
1022 544 1135 587 ostia
1157 544 1262 587 velo.
1449 544 1537 587 400

101 615 127 636 ‘⁶
145 616 283 673 Perge
306 617 435 659 modo
458 621 518 672 et,
543 631 632 673 qua
653 621 699 659 te
723 616 847 659 ducit
869 616 955 672 via,
979 615 1115 673 dirige
1137 616 1376 672 gressum.”
1393 635 1428 655 ι

102 686 242 742 Dixit,
267 692 312 729 et
335 692 538 730 avertens
560 702 680 730 rosea
698 687 864 730 cervice
889 687 1071 742 refulsit,

97 758 444 815 Ambrosiaeque
468 774 616 802 comae
639 758 843 801 divinum
864 758 1024 801 vertice
1049 759 1224 801 odorem

98 830 325 886 Spiravere
347 844 358 884 3
393 831 527 887 pedes
549 831 682 873 vestis
704 830 891 872 defluxit
914 830 970 872 ad
991 829 1102 872 imos
1121 843 1133 884 3

100 901 159 943 Et
181 916 282 943 vera
304 901 477 944 incessu
498 901 648 958 patuit
671 902 762 944 dea.
828 901 910 943 Ille
933 901 1010 943 ubi
1033 906 1220 943 matrem
1275 952 1278 955 Ι
1449 899 1538 944 405

99 971 308 1028 Agnovit,
329 971 410 1014 tali
430 971 678 1028 fugientem
701 976 767 1013 est
790 985 894 1013 voce
918 976 1093 1013 secutus
1114 985 1124 1014 ε

100 1042 128 1063 “
148 1043 266 1097 Quid
289 1049 450 1085 natum
471 1043 617 1098 toties,
644 1042 832 1085 crudelis
856 1047 907 1084 tu
929 1056 1118 1098 quoque,
1141 1041 1262 1084 falsis

98 1113 126 1136 “
141 1114 279 1157 Ludis
302 1114 605 1172 imaginibus?
670 1113 763 1158 Gur
784 1114 965 1156 dextrae
982 1113 1165 1170 jungere
1187 1113 1394 1155 dextram

98 1185 125 1205 ‘⁶
144 1186 246 1228 Non
268 1186 414 1242 datur,
438 1200 488 1229 ac
511 1200 637 1228 veras
659 1186 810 1228 audire
833 1190 879 1228 et
903 1185 1077 1228 reddere
1099 1199 1225 1227 voces
1245 1185 1266 1228 Ρ
1284 1185 1308 1202 ”

99 1257 281 1300 Talibus
302 1257 491 1313 incusat,
516 1271 801 1314 gressumque
823 1257 881 1299 ad
903 1256 1075 1299 moenia
1099 1255 1244 1299 tendit
1263 1269 1274 1310 3
1446 1254 1535 1297 410

97 1328 162 1372 At
186 1328 341 1371 Venus
364 1328 546 1371 obscuro
568 1328 820 1385 gradientes
843 1333 945 1371 aere
967 1327 1117 1385 sepsit,

100 1400 163 1442 Et
185 1401 327 1443 multo
350 1400 537 1442 nebulae
561 1400 727 1443 circum
749 1400 830 1442 dea
852 1399 969 1442 fudit
992 1399 1177 1454 amictu,

100 1471 283 1515 Cernere
306 1486 361 1513 ne
384 1471 483 1528 quis
506 1485 591 1527 eos,
615 1485 703 1514 neu
725 1470 824 1527 quis
847 1470 1099 1527 contingere
1121 1473 1283 1525 posset,

98 1541 296 1585 Molirive
319 1557 503 1597 moram,
527 1547 607 1590 aut
629 1541 832 1584 veniendi
853 1555 1030 1598 poscere
1054 1554 1219 1582 causas.
1261 1563 1282 1595 ‚-

98 1615 202 1671 Ipsa
226 1614 433 1670 Paphum
456 1612 654 1656 sublimis
676 1612 783 1667 abit,
809 1613 1020 1668 sedesque
1043 1611 1192 1654 revisit
1450 1611 1539 1654 415

98 1685 239 1728 Laeta
261 1699 377 1741 suas,
402 1684 479 1727 ubi
500 1684 721 1740 templum
737 1683 816 1740 illi,
841 1689 1109 1739 centumque
1134 1683 1299 1727 Sabaeo

100 1757 218 1799 Ture
236 1757 381 1799 calent
404 1770 502 1798 arae
521 1756 733 1812 sertisque
756 1755 1003 1798 recentibus
1024 1755 1192 1798 halant.
1215 1749 1219 1753 ’

194 1827 448 1885 Corripuere
471 1827 589 1869 viam
610 1826 791 1883 interea,
811 1841 900 1883 qua
922 1826 1080 1869 semita
1100 1829 1318 1867 monstrat
1334 1838 1345 1879 3

99 1898 296 1955 Jamque
318 1898 646 1942 adscendebant
667 1897 838 1953 collem,
863 1897 941 1952 qui
963 1895 1180 1953 plurimus
1201 1895 1302 1938 urbi

100 1969 329 2026 Imminet,
351 1970 643 2025 adversasque
665 1969 896 2026 adspectat
919 1969 1106 2025 desuper
1129 1981 1259 2011 arces.
1310 1984 1314 1987 ·
1452 1966 1541 2009 420

103 2041 297 2084 Miratur
318 2041 480 2083 molem
501 2040 689 2096 Aeneas,
713 2039 905 2097 magalia
927 2039 1165 2095 quondam,

103 2111 292 2154 Miratur
313 2116 462 2168 portas
480 2111 804 2168 strepitumque
827 2116 872 2153 et
894 2116 1035 2154 strata
1052 2110 1237 2154 viarum.

102 2182 283 2225 Instant
305 2182 507 2225 ardentes
530 2181 667 2238 Tyrii,
691 2197 792 2238 pars
814 2182 972 2224 ducere
994 2196 1141 2229 muros

105 2253 338 2310 Molirique
360 2267 504 2295 arcem
526 2258 572 2295 et
596 2253 800 2296 manibus
823 2253 1075 2295 subvolvere
1098 2266 1218 2306 saxa,

104 2325 214 2368 Pars
237 2330 389 2382 optare
405 2324 551 2367 locum
572 2329 691 2366 tecto
713 2329 758 2366 et
780 2324 1037 2366 concludere
1060 2322 1178 2365 sulco
1195 2335 1207 2375 3
1453 2319 1542 2365 425

103 2395 135 2440 J
137 2410 218 2438 ura
240 2395 614 2452 magistratusque
635 2395 789 2451 legunt
813 2398 1104 2448 sanctumque
1127 2396 1330 2435 senatum
1346 2405 1358 2446 3

105 2467 192 2510 Hic
214 2473 370 2524 portus
392 2466 471 2509 alii
493 2465 734 2520 effodiunt3
767 2465 836 2507 hic
861 2465 956 2507 alta
978 2463 1144 2507 theatri

106 2537 421 2580 Fundamenta
441 2537 589 2580 locant
612 2536 702 2592 alii,
726 2535 1026 2591 immanesque
1049 2534 1274 2577 columnas

109 2607 317 2665 Rupibus
339 2608 568 2663 excidunt,
593 2607 731 2650 scenis
754 2606 906 2649 decora
928 2606 1019 2648 alta
1041 2604 1228 2648 suturis:
