1757 2916
149 146 236 189 180
615 157 846 188 AENEmos
877 158 964 189 ΜΒ.
999 159 1097 189 vm.

148 264 176 286 “
195 264 401 322 Corripit,
425 265 471 308 in
493 266 657 308 nodum
681 266 948 322 complexus,
973 270 1017 308 et
1041 266 1166 323 angit
1189 265 1417 308 inhaerens
1491 264 1582 309 260

148 335 177 357 ‘⁶
193 336 334 379 Elisos
356 337 501 379 oculos
524 341 568 378 et
592 336 757 379 siccum
781 336 992 392 sanguine
1015 342 1186 393 guttur.

149 405 176 427 “
194 407 413 449 Panditur
435 407 655 462 extemplo
676 407 838 449 foribus
859 408 1015 449 domus
1037 412 1133 450 atra
1155 407 1357 462 revulsis,

150 476 178 497 “
196 477 550 533 Abstractaeque
572 477 703 520 boves
725 477 1040 533 abjurataeque
1063 478 1240 534 rapinae

151 548 179 570 “
196 549 326 592 Coelo
347 549 652 603 ostenduntur,
676 547 949 604 pedibusque
969 548 1152 591 informe
1176 549 1360 591 cadaver

152 620 180 641 ‘⁶
198 619 495 663 Protrahitur.
559 619 801 674 Nequeunt
823 619 989 675 expleri
1009 619 1137 662 corda
1160 619 1325 661 tuendo
1494 619 1580 661 265

152 691 427 734 “Terribiles
449 690 609 744 oculos,
633 690 811 732 vultum
832 690 1070 746 villosaque
1094 690 1198 732 setis

149 761 176 782 ‘⁴
192 761 376 803 Pectora
398 759 599 814 semiferi,
625 764 758 816 atque
781 760 1021 803 exstinctos
1041 759 1245 803 faucibus
1266 759 1398 817 ignes.

149 831 176 852 “
197 831 268 873 Ex
289 831 362 873 illo
385 830 628 873 celebratus
650 830 800 886 honos,
824 831 1018 887 laetique
1040 831 1226 874 minores

148 901 175 922 ‘⁶
193 902 424 945 Servavere
446 900 564 944 diem
580 914 591 955 3
626 901 880 957 primusque
904 901 1099 944 Potitius
1121 907 1287 958 auctor,

149 973 175 993 ‘⁴
194 973 256 1015 Et
281 973 437 1015 domus
460 972 668 1015 Herculei
690 978 835 1016 custos
858 973 1036 1016 Pinaria
1059 974 1168 1017 sacri
1491 972 1582 1018 270

149 1043 176 1064 ‘⁶
195 1043 323 1086 Hanc
345 1058 465 1086 aram
487 1044 587 1086 luco
610 1044 784 1099 statuit,
809 1058 923 1100 quae
946 1044 1144 1088 Maxima
1166 1059 1336 1102 semper

150 1113 177 1134 “
196 1114 383 1156 Dicetur
404 1113 540 1169 nobis,
567 1119 611 1156 et
634 1113 715 1156 erit
738 1127 851 1170 quae
872 1115 1067 1157 maxima
1089 1129 1268 1172 semper.

150 1184 178 1205 “
198 1185 342 1237 Quare
365 1185 499 1241 agite,
525 1199 548 1227 o
565 1183 762 1240 juvenes,
786 1190 1015 1227 tantarum
1036 1185 1083 1228 in
1105 1200 1283 1228 munere
1306 1186 1492 1228 laudum

150 1256 177 1276 ‘⁴
197 1256 374 1312 Cingite
395 1255 546 1298 fronde
569 1270 714 1298 comas
738 1260 782 1298 et
806 1257 964 1312 pocula
985 1257 1154 1314 porgite
1178 1257 1359 1313 dextris,

151 1326 177 1347 “
197 1327 572 1382 Communemque
589 1332 742 1369 vocate
765 1327 912 1382 deum,
932 1333 976 1370 et
999 1329 1100 1370 date
1118 1328 1221 1370 vina
1244 1329 1475 1372 volentes.’'
1493 1329 1582 1372 275

150 1397 353 1451 Dixerat,
379 1396 598 1439 Herculea
618 1396 779 1439 bicolor
801 1411 939 1452 quum
962 1398 1149 1454 populus
1172 1399 1329 1441 umbra

150 1466 415 1522 Velavitque
438 1482 583 1509 comas
605 1466 807 1522 foliisque
830 1467 991 1510 innexa
1012 1469 1238 1524 pependit,
1338 1520 1343 1523 ῃ

149 1537 210 1579 Et
233 1552 351 1579 sacer
372 1537 575 1593 implevit
598 1538 801 1580 dextram
823 1539 1024 1595 scyphus.
1089 1539 1222 1583 Ocius
1243 1554 1391 1583 omnes

148 1607 203 1648 In
225 1621 421 1650 mensam
444 1607 550 1650 laeti
571 1607 729 1664 libant,
754 1608 961 1665 divosque
984 1615 1231 1666 precantur.

239 1678 419 1721 Devexo
441 1678 608 1720 interea
631 1679 806 1735 propior
826 1680 879 1722 fit
903 1680 1071 1737 Vesper
1096 1680 1300 1738 Olympo,
1492 1682 1582 1724 280

147 1747 340 1804 Jamque
363 1749 610 1791 sacerdotes
632 1749 888 1805 primusque
912 1750 1107 1793 Potitius
1129 1751 1271 1807 ibant,

150 1818 346 1861 Pellibus
367 1819 415 1860 in
435 1834 600 1861 morem
623 1820 770 1875 cincti,
794 1821 1083 1876 flammasque
1105 1821 1315 1864 ferebant.

149 1889 410 1931 Instaurant
433 1890 598 1945 epulas,
622 1895 667 1932 et
689 1905 864 1932 mensae
885 1896 1012 1946 grata
1034 1893 1248 1934 secundae

150 1959 278 2001 Dona
299 1960 460 2015 ferunt,
484 1960 801 2015 cumulantque
824 1961 1012 2003 oneratis
1033 1961 1232 2005 lancibus
1255 1977 1363 2006 aras.

150 2032 268 2074 Tum
293 2030 399 2075 Salii
422 2031 478 2072 ad
500 2036 657 2073 cantus
679 2031 854 2074 incensa
876 2032 1033 2075 altaria
1055 2033 1219 2076 circum
1493 2034 1582 2078 285

150 2101 357 2158 Populeis
379 2101 542 2144 adsunt
565 2101 726 2144 evincti
747 2107 946 2159 tempora
968 2103 1113 2160 ramis,

149 2172 235 2215 Hic
253 2172 466 2228 juvenum
489 2171 655 2226 chorus,
679 2172 751 2215 illc
774 2187 929 2215 senum
948 2187 958 2217 ε
994 2174 1071 2230 qui
1093 2175 1287 2218 carmine
1308 2175 1461 2219 laudes

150 2243 387 2286 Herculeas
409 2248 453 2285 et
474 2242 594 2285 facta
614 2243 783 2287 ferunt:
819 2249 872 2286 ut
893 2245 1036 2301 prima
1057 2261 1265 2289 novercae

150 2314 348 2356 Monstra
370 2328 507 2355 manu
529 2313 807 2370 geminosque
830 2329 1030 2371 premens
1053 2316 1215 2359 eliserit
1237 2331 1402 2373 angues
1418 2330 1431 2371 ;

154 2384 216 2426 Ut
241 2384 352 2426 bello
375 2383 569 2440 egregias
591 2383 708 2426 idem
730 2384 947 2439 disjecerit
969 2386 1110 2441 urbes,
1494 2387 1582 2430 290

151 2453 415 2509 Trojamquc
438 2453 790 2509 Oechaliamque,
816 2460 860 2496 ct
882 2456 1011 2497 duros
1034 2456 1153 2497 mille
1176 2456 1344 2498 labores

176 2527 270 2580 'iege
294 2524 374 2565 sub
397 2523 641 2579 Eurystheo
663 2523 765 2565 fatis
787 2524 978 2567 Junonis
1001 2526 1175 2581 iniquae

154 2594 406 2638 Pertulcrit.
473 2594 544 2637 Tu
566 2595 819 2650 nubigenas,
844 2595 1020 2647 invicto,
1045 2596 1319 2651 binmmbros,
