<?xml version="1.0" encoding="UTF-8"?>
<!DOCTYPE html PUBLIC "-//W3C//DTD XHTML 1.0 Transitional//EN"
    "http://www.w3.org/TR/xhtml1/DTD/xhtml1-transitional.dtd">
<html xmlns="http://www.w3.org/1999/xhtml" xml:lang="en" lang="en">
 <head>
  <title>
</title>
<meta http-equiv="Content-Type" content="text/html;charset=utf-8" />
  <meta name='ocr-system' content='tesseract 3.04.00' />
  <meta name='ocr-capabilities' content='ocr_page ocr_carea ocr_par ocr_line ocrx_word'/>
</head>
<body>
  <div class='ocr_page' id='page_1' title='image "aeneidfri00virguoft_0072.png"; bbox 0 0 1757 2916; ppageno 0'>
   <div class='ocr_carea' id='block_1_1' title="bbox 218 118 1148 162">
    <p class='ocr_par' dir='ltr' id='par_1_1' title="bbox 218 118 1148 162">
     <span class='ocr_line' id='line_1_1' title="bbox 218 118 1148 162; baseline -0.011 0"><span class='ocrx_word' id='word_1_1' title='bbox 218 118 276 162; x_wconf 87' lang='grc'>46</span> <span class='ocrx_word' id='word_1_2' title='bbox 717 124 948 157; x_wconf 74' lang='lat' dir='ltr'>AENEIDos</span> <span class='ocrx_word' id='word_1_3' title='bbox 980 124 1066 154; x_wconf 76' lang='lat' dir='ltr'>Lm.</span> <span class='ocrx_word' id='word_1_4' title='bbox 1101 123 1148 153; x_wconf 90' lang='lat'>11.</span> 
     </span>
    </p>
   </div>
   <div class='ocr_carea' id='block_1_2' title="bbox 217 228 1658 2638">
    <p class='ocr_par' dir='ltr' id='par_1_2' title="bbox 219 228 1480 294">
     <span class='ocr_line' id='line_1_2' title="bbox 219 228 1480 294; baseline -0.01 -12"><span class='ocrx_word' id='word_1_5' title='bbox 219 238 247 260; x_wconf 91' lang='lat'><strong>“</strong></span> <span class='ocrx_word' id='word_1_6' title='bbox 264 238 418 294; x_wconf 89' lang='lat' dir='ltr'>Arma,</span> <span class='ocrx_word' id='word_1_7' title='bbox 442 236 536 293; x_wconf 84' lang='lat' dir='ltr'>viri,</span> <span class='ocrx_word' id='word_1_8' title='bbox 561 236 672 279; x_wconf 85' lang='lat' dir='ltr'>ferte</span> <span class='ocrx_word' id='word_1_9' title='bbox 694 249 817 278; x_wconf 87' lang='lat' dir='ltr'>arma</span> <span class='ocrx_word' id='word_1_10' title='bbox 837 249 847 278; x_wconf 89' lang='lat'>:</span> <span class='ocrx_word' id='word_1_11' title='bbox 882 236 1009 276; x_wconf 90' lang='lat' dir='ltr'>vocat</span> <span class='ocrx_word' id='word_1_12' title='bbox 1032 232 1112 275; x_wconf 86' lang='lat' dir='ltr'>lux</span> <span class='ocrx_word' id='word_1_13' title='bbox 1133 230 1294 274; x_wconf 80' lang='lat' dir='ltr'>ultima</span> <span class='ocrx_word' id='word_1_14' title='bbox 1317 228 1480 281; x_wconf 84' lang='lat' dir='ltr'>victos!</span> 
     </span>
    </p>

    <p class='ocr_par' dir='ltr' id='par_1_3' title="bbox 219 300 1412 354">
     <span class='ocr_line' id='line_1_3' title="bbox 219 300 1412 354; baseline -0.011 1"><span class='ocrx_word' id='word_1_15' title='bbox 219 312 245 334; x_wconf 92' lang='lat'><strong>“</strong></span> <span class='ocrx_word' id='word_1_16' title='bbox 265 310 454 354; x_wconf 78' lang='lat' dir='ltr'>Reddite</span> <span class='ocrx_word' id='word_1_17' title='bbox 478 324 548 352; x_wconf 89' lang='lat' dir='ltr'>me</span> <span class='ocrx_word' id='word_1_18' title='bbox 573 308 764 352; x_wconf 81' lang='lat' dir='ltr'>Danais!</span> <span class='ocrx_word' id='word_1_19' title='bbox 801 305 931 349; x_wconf 88' lang='lat' dir='ltr'>sinite</span> <span class='ocrx_word' id='word_1_20' title='bbox 954 305 1203 347; x_wconf 87' lang='lat' dir='ltr'>instaurata</span> <span class='ocrx_word' id='word_1_21' title='bbox 1225 300 1412 344; x_wconf 81' lang='lat' dir='ltr'>revisam</span> 
     </span>
    </p>

    <p class='ocr_par' dir='ltr' id='par_1_4' title="bbox 217 365 1654 578">
     <span class='ocr_line' id='line_1_4' title="bbox 219 365 1654 434; baseline -0.01 -9"><span class='ocrx_word' id='word_1_22' title='bbox 219 382 245 403; x_wconf 79' lang='lat'>‘⁴</span> <span class='ocrx_word' id='word_1_23' title='bbox 265 382 436 425; x_wconf 82' lang='lat' dir='ltr'>Proelia</span> <span class='ocrx_word' id='word_1_24' title='bbox 454 385 462 425; x_wconf 72' lang='grc' dir='ltr'><strong>Ξ</strong></span> <span class='ocrx_word' id='word_1_25' title='bbox 510 379 772 434; x_wconf 77' lang='lat' dir='ltr'>Numquam</span> <span class='ocrx_word' id='word_1_26' title='bbox 793 390 943 420; x_wconf 87' lang='lat' dir='ltr'>omnes</span> <span class='ocrx_word' id='word_1_27' title='bbox 964 374 1091 417; x_wconf 86' lang='lat' dir='ltr'>hodie</span> <span class='ocrx_word' id='word_1_28' title='bbox 1113 372 1349 415; x_wconf 87' lang='lat' dir='ltr'>moriemur</span> <span class='ocrx_word' id='word_1_29' title='bbox 1369 369 1542 412; x_wconf 87' lang='lat' dir='ltr'>inulti.’&#39;</span> <span class='ocrx_word' id='word_1_30' title='bbox 1567 365 1654 411; x_wconf 79' lang='lat'>670</span> 
     </span>
     <span class='ocr_line' id='line_1_5' title="bbox 218 444 1372 507; baseline -0.01 -11"><span class='ocrx_word' id='word_1_31' title='bbox 218 453 335 496; x_wconf 85' lang='lat' dir='ltr'>Hinc</span> <span class='ocrx_word' id='word_1_32' title='bbox 358 453 468 495; x_wconf 77' lang='lat' dir='ltr'>ferro</span> <span class='ocrx_word' id='word_1_33' title='bbox 491 450 692 507; x_wconf 82' lang='lat' dir='ltr'>accingor</span> <span class='ocrx_word' id='word_1_34' title='bbox 713 463 876 503; x_wconf 86' lang='lat' dir='ltr'>rursus,</span> <span class='ocrx_word' id='word_1_35' title='bbox 902 446 1128 502; x_wconf 84' lang='lat' dir='ltr'>clipeoque</span> <span class='ocrx_word' id='word_1_36' title='bbox 1150 444 1372 486; x_wconf 77' lang='lat' dir='ltr'>sinistram</span> 
     </span>
     <span class='ocr_line' id='line_1_6' title="bbox 217 515 1387 578; baseline -0.01 -11"><span class='ocrx_word' id='word_1_37' title='bbox 217 524 493 567; x_wconf 84' lang='lat' dir='ltr'>Insertabam</span> <span class='ocrx_word' id='word_1_38' title='bbox 515 528 674 578; x_wconf 85' lang='lat' dir='ltr'>aptans</span> <span class='ocrx_word' id='word_1_39' title='bbox 695 534 853 575; x_wconf 85' lang='lat' dir='ltr'>meque</span> <span class='ocrx_word' id='word_1_40' title='bbox 877 523 1002 560; x_wconf 78' lang='lat' dir='ltr'>extra</span> <span class='ocrx_word' id='word_1_41' title='bbox 1024 521 1144 559; x_wconf 89' lang='lat' dir='ltr'>tecta</span> <span class='ocrx_word' id='word_1_42' title='bbox 1166 515 1360 557; x_wconf 78' lang='lat' dir='ltr'>ferebam</span> <span class='ocrx_word' id='word_1_43' title='bbox 1377 527 1387 568; x_wconf 89' lang='lat'>;</span> 
     </span>
    </p>

    <p class='ocr_par' dir='ltr' id='par_1_5' title="bbox 217 585 1340 649">
     <span class='ocr_line' id='line_1_7' title="bbox 217 585 1340 649; baseline -0.011 -10"><span class='ocrx_word' id='word_1_44' title='bbox 217 597 332 639; x_wconf 85' lang='lat' dir='ltr'>Ecce</span> <span class='ocrx_word' id='word_1_45' title='bbox 356 599 509 637; x_wconf 87' lang='lat' dir='ltr'>autem</span> <span class='ocrx_word' id='word_1_46' title='bbox 532 593 760 649; x_wconf 77' lang='lat' dir='ltr'>complexa</span> <span class='ocrx_word' id='word_1_47' title='bbox 781 590 915 647; x_wconf 84' lang='lat' dir='ltr'>pedes</span> <span class='ocrx_word' id='word_1_48' title='bbox 937 589 983 631; x_wconf 88' lang='lat' dir='ltr'>in</span> <span class='ocrx_word' id='word_1_49' title='bbox 1004 587 1154 630; x_wconf 83' lang='lat' dir='ltr'>limine</span> <span class='ocrx_word' id='word_1_50' title='bbox 1177 585 1340 642; x_wconf 76' lang='lat' dir='ltr'>conjux</span> 
     </span>
    </p>

    <p class='ocr_par' dir='ltr' id='par_1_6' title="bbox 218 657 1318 721">
     <span class='ocr_line' id='line_1_8' title="bbox 218 657 1318 721; baseline -0.01 -12"><span class='ocrx_word' id='word_1_51' title='bbox 218 666 456 721; x_wconf 72' lang='lat' dir='ltr'>Haerebat,</span> <span class='ocrx_word' id='word_1_52' title='bbox 481 676 754 721; x_wconf 85' lang='lat' dir='ltr'>parvumque</span> <span class='ocrx_word' id='word_1_53' title='bbox 777 659 894 717; x_wconf 88' lang='lat' dir='ltr'>patri</span> <span class='ocrx_word' id='word_1_54' title='bbox 916 658 1130 701; x_wconf 74' lang='lat' dir='ltr'>tendebat</span> <span class='ocrx_word' id='word_1_55' title='bbox 1154 657 1318 699; x_wconf 82' lang='lat' dir='ltr'>Iulum.</span> 
     </span>
    </p>

    <p class='ocr_par' dir='ltr' id='par_1_7' title="bbox 218 722 1656 862">
     <span class='ocr_line' id='line_1_9' title="bbox 219 722 1656 793; baseline -0.008 -13"><span class='ocrx_word' id='word_1_56' title='bbox 219 738 245 758; x_wconf 87' lang='lat'><strong>“</strong></span> <span class='ocrx_word' id='word_1_57' title='bbox 266 737 312 780; x_wconf 80' lang='lat' dir='ltr'>Si</span> <span class='ocrx_word' id='word_1_58' title='bbox 334 736 554 793; x_wconf 83' lang='lat' dir='ltr'>periturus</span> <span class='ocrx_word' id='word_1_59' title='bbox 576 733 688 787; x_wconf 83' lang='lat' dir='ltr'>abis,</span> <span class='ocrx_word' id='word_1_60' title='bbox 713 737 757 775; x_wconf 92' lang='lat' dir='ltr'>et</span> <span class='ocrx_word' id='word_1_61' title='bbox 781 746 858 774; x_wconf 88' lang='lat' dir='ltr'>nos</span> <span class='ocrx_word' id='word_1_62' title='bbox 881 744 984 786; x_wconf 87' lang='lat' dir='ltr'>rape</span> <span class='ocrx_word' id='word_1_63' title='bbox 1006 729 1055 771; x_wconf 91' lang='lat' dir='ltr'>in</span> <span class='ocrx_word' id='word_1_64' title='bbox 1076 727 1223 771; x_wconf 90' lang='lat' dir='ltr'>omnia</span> <span class='ocrx_word' id='word_1_65' title='bbox 1245 732 1395 769; x_wconf 90' lang='lat' dir='ltr'>tecum</span> <span class='ocrx_word' id='word_1_66' title='bbox 1415 738 1427 780; x_wconf 88' lang='lat'>;</span> <span class='ocrx_word' id='word_1_67' title='bbox 1569 722 1656 768; x_wconf 83' lang='lat'>675</span> 
     </span>
     <span class='ocr_line' id='line_1_10' title="bbox 218 796 1502 862; baseline -0.009 -11"><span class='ocrx_word' id='word_1_68' title='bbox 218 808 246 829; x_wconf 71' lang='lat'>‘⁶</span> <span class='ocrx_word' id='word_1_69' title='bbox 267 808 345 852; x_wconf 79' lang='lat' dir='ltr'>Sin</span> <span class='ocrx_word' id='word_1_70' title='bbox 368 806 564 862; x_wconf 85' lang='lat' dir='ltr'>aliquam</span> <span class='ocrx_word' id='word_1_71' title='bbox 586 809 793 861; x_wconf 80' lang='lat' dir='ltr'>expertus</span> <span class='ocrx_word' id='word_1_72' title='bbox 816 801 974 846; x_wconf 86' lang='lat' dir='ltr'>sumtis</span> <span class='ocrx_word' id='word_1_73' title='bbox 996 798 1268 858; x_wconf 84' lang='lat' dir='ltr'>spem-ponis</span> <span class='ocrx_word' id='word_1_74' title='bbox 1288 798 1336 840; x_wconf 92' lang='lat' dir='ltr'>in</span> <span class='ocrx_word' id='word_1_75' title='bbox 1356 796 1502 857; x_wconf 85' lang='lat' dir='ltr'>armis,</span> 
     </span>
    </p>

    <p class='ocr_par' dir='ltr' id='par_1_8' title="bbox 219 869 1502 934">
     <span class='ocr_line' id='line_1_11' title="bbox 219 869 1502 934; baseline -0.009 -12"><span class='ocrx_word' id='word_1_76' title='bbox 219 879 245 900; x_wconf 82' lang='lat'><strong>“</strong></span> <span class='ocrx_word' id='word_1_77' title='bbox 264 878 395 921; x_wconf 89' lang='lat' dir='ltr'>Hanc</span> <span class='ocrx_word' id='word_1_78' title='bbox 417 877 613 934; x_wconf 85' lang='lat' dir='ltr'>primum</span> <span class='ocrx_word' id='word_1_79' title='bbox 636 880 783 918; x_wconf 83' lang='lat' dir='ltr'>tutare</span> <span class='ocrx_word' id='word_1_80' title='bbox 805 875 1000 917; x_wconf 89' lang='lat' dir='ltr'>domum.</span> <span class='ocrx_word' id='word_1_81' title='bbox 1066 870 1154 915; x_wconf 82' lang='lat' dir='ltr'>Oui</span> <span class='ocrx_word' id='word_1_82' title='bbox 1176 885 1337 928; x_wconf 83' lang='lat' dir='ltr'>parvus</span> <span class='ocrx_word' id='word_1_83' title='bbox 1360 869 1502 923; x_wconf 86' lang='lat' dir='ltr'>Iulus,</span> 
     </span>
    </p>

    <p class='ocr_par' dir='ltr' id='par_1_9' title="bbox 218 939 1564 1075">
     <span class='ocr_line' id='line_1_12' title="bbox 218 939 1564 1006; baseline -0.01 -12"><span class='ocrx_word' id='word_1_84' title='bbox 218 950 245 972; x_wconf 81' lang='lat'>‘⁴</span> <span class='ocrx_word' id='word_1_85' title='bbox 266 950 351 994; x_wconf 86' lang='lat' dir='ltr'>Cui</span> <span class='ocrx_word' id='word_1_86' title='bbox 371 954 499 1006; x_wconf 83' lang='lat' dir='ltr'>pater</span> <span class='ocrx_word' id='word_1_87' title='bbox 520 953 565 991; x_wconf 92' lang='lat' dir='ltr'>et</span> <span class='ocrx_word' id='word_1_88' title='bbox 587 946 751 1004; x_wconf 85' lang='lat' dir='ltr'>conjux</span> <span class='ocrx_word' id='word_1_89' title='bbox 771 945 996 1002; x_wconf 86' lang='lat' dir='ltr'>quondam</span> <span class='ocrx_word' id='word_1_90' title='bbox 1018 948 1100 986; x_wconf 86' lang='lat' dir='ltr'>tua</span> <span class='ocrx_word' id='word_1_91' title='bbox 1121 942 1241 985; x_wconf 88' lang='lat' dir='ltr'>dicta</span> <span class='ocrx_word' id='word_1_92' title='bbox 1264 940 1521 996; x_wconf 78' lang='lat' dir='ltr'>relinquor?</span> <span class='ocrx_word' id='word_1_93' title='bbox 1540 939 1564 957; x_wconf 86' lang='grc'><strong>”</strong></span> 
     </span>
     <span class='ocr_line' id='line_1_13' title="bbox 218 1013 1390 1075; baseline -0.009 -10"><span class='ocrx_word' id='word_1_94' title='bbox 218 1022 346 1064; x_wconf 80' lang='lat' dir='ltr'>Talia</span> <span class='ocrx_word' id='word_1_95' title='bbox 368 1020 609 1063; x_wconf 84' lang='lat' dir='ltr'>vociferans</span> <span class='ocrx_word' id='word_1_96' title='bbox 631 1017 802 1075; x_wconf 82' lang='lat' dir='ltr'>gemitu</span> <span class='ocrx_word' id='word_1_97' title='bbox 823 1021 999 1059; x_wconf 89' lang='lat' dir='ltr'>tectum</span> <span class='ocrx_word' id='word_1_98' title='bbox 1022 1028 1148 1057; x_wconf 91' lang='lat' dir='ltr'>omne</span> <span class='ocrx_word' id='word_1_99' title='bbox 1169 1013 1390 1070; x_wconf 87' lang='lat' dir='ltr'>replebat,</span> 
     </span>
    </p>

    <p class='ocr_par' dir='ltr' id='par_1_10' title="bbox 218 1080 1657 1218">
     <span class='ocr_line' id='line_1_14' title="bbox 218 1080 1657 1146; baseline -0.009 -10"><span class='ocrx_word' id='word_1_100' title='bbox 218 1093 367 1146; x_wconf 81' lang='lat' dir='ltr'>Quum</span> <span class='ocrx_word' id='word_1_101' title='bbox 389 1091 587 1135; x_wconf 88' lang='lat' dir='ltr'>subitum</span> <span class='ocrx_word' id='word_1_102' title='bbox 609 1089 821 1144; x_wconf 84' lang='lat' dir='ltr'>dictuque</span> <span class='ocrx_word' id='word_1_103' title='bbox 843 1086 983 1130; x_wconf 87' lang='lat' dir='ltr'>oritur</span> <span class='ocrx_word' id='word_1_104' title='bbox 1004 1084 1205 1128; x_wconf 89' lang='lat' dir='ltr'>mirabile</span> <span class='ocrx_word' id='word_1_105' title='bbox 1229 1088 1488 1126; x_wconf 89' lang='lat' dir='ltr'>monstrum.</span> <span class='ocrx_word' id='word_1_106' title='bbox 1569 1080 1657 1125; x_wconf 85' lang='lat'>680</span> 
     </span>
     <span class='ocr_line' id='line_1_15' title="bbox 218 1159 1472 1218; baseline -0.008 -12"><span class='ocrx_word' id='word_1_107' title='bbox 218 1163 423 1218; x_wconf 81' lang='lat' dir='ltr'>Namque</span> <span class='ocrx_word' id='word_1_108' title='bbox 446 1175 603 1204; x_wconf 85' lang='lat' dir='ltr'>manus</span> <span class='ocrx_word' id='word_1_109' title='bbox 625 1160 741 1202; x_wconf 89' lang='lat' dir='ltr'>inter</span> <span class='ocrx_word' id='word_1_110' title='bbox 763 1163 1120 1213; x_wconf 84' lang='lat' dir='ltr'>maestorumque</span> <span class='ocrx_word' id='word_1_111' title='bbox 1141 1170 1214 1199; x_wconf 83' lang='lat' dir='ltr'>ora</span> <span class='ocrx_word' id='word_1_112' title='bbox 1236 1159 1472 1212; x_wconf 87' lang='lat' dir='ltr'>parentum</span> 
     </span>
    </p>

    <p class='ocr_par' dir='ltr' id='par_1_11' title="bbox 218 1227 1172 1277">
     <span class='ocr_line' id='line_1_16' title="bbox 218 1227 1172 1277; baseline -0.007 0"><span class='ocrx_word' id='word_1_113' title='bbox 218 1235 332 1277; x_wconf 84' lang='lat' dir='ltr'>Eece</span> <span class='ocrx_word' id='word_1_114' title='bbox 355 1233 462 1276; x_wconf 90' lang='lat' dir='ltr'>levis</span> <span class='ocrx_word' id='word_1_115' title='bbox 486 1246 658 1276; x_wconf 89' lang='lat' dir='ltr'>summo</span> <span class='ocrx_word' id='word_1_116' title='bbox 679 1232 733 1274; x_wconf 89' lang='lat' dir='ltr'>de</span> <span class='ocrx_word' id='word_1_117' title='bbox 756 1230 918 1272; x_wconf 86' lang='lat' dir='ltr'>vertice</span> <span class='ocrx_word' id='word_1_118' title='bbox 941 1229 1059 1271; x_wconf 83' lang='lat' dir='ltr'>visus</span> <span class='ocrx_word' id='word_1_119' title='bbox 1081 1227 1172 1270; x_wconf 86' lang='lat' dir='ltr'>Iuli</span> 
     </span>
    </p>

    <p class='ocr_par' dir='ltr' id='par_1_12' title="bbox 218 1298 1355 1359">
     <span class='ocr_line' id='line_1_17' title="bbox 218 1298 1355 1359; baseline -0.007 -11"><span class='ocrx_word' id='word_1_120' title='bbox 218 1305 422 1348; x_wconf 86' lang='lat' dir='ltr'>Fundere</span> <span class='ocrx_word' id='word_1_121' title='bbox 446 1304 597 1346; x_wconf 90' lang='lat' dir='ltr'>lumen</span> <span class='ocrx_word' id='word_1_122' title='bbox 619 1316 745 1359; x_wconf 78' lang='lat' dir='ltr'>apex,</span> <span class='ocrx_word' id='word_1_123' title='bbox 769 1306 982 1356; x_wconf 85' lang='lat' dir='ltr'>tactuque</span> <span class='ocrx_word' id='word_1_124' title='bbox 1005 1299 1184 1342; x_wconf 77' lang='lat' dir='ltr'>innoxia</span> <span class='ocrx_word' id='word_1_125' title='bbox 1202 1298 1355 1340; x_wconf 84' lang='lat' dir='ltr'>molles</span> 
     </span>
    </p>

    <p class='ocr_par' dir='ltr' id='par_1_13' title="bbox 220 1367 1442 1426">
     <span class='ocr_line' id='line_1_18' title="bbox 220 1367 1442 1426; baseline -0.006 -8"><span class='ocrx_word' id='word_1_126' title='bbox 220 1376 433 1418; x_wconf 85' lang='lat' dir='ltr'>Lambere</span> <span class='ocrx_word' id='word_1_127' title='bbox 456 1374 638 1416; x_wconf 86' lang='lat' dir='ltr'>flamma</span> <span class='ocrx_word' id='word_1_128' title='bbox 661 1387 806 1415; x_wconf 86' lang='lat' dir='ltr'>comas</span> <span class='ocrx_word' id='word_1_129' title='bbox 829 1378 873 1414; x_wconf 92' lang='lat' dir='ltr'>et</span> <span class='ocrx_word' id='word_1_130' title='bbox 898 1371 1064 1413; x_wconf 89' lang='lat' dir='ltr'>circum</span> <span class='ocrx_word' id='word_1_131' title='bbox 1088 1377 1288 1426; x_wconf 84' lang='lat' dir='ltr'>tempora</span> <span class='ocrx_word' id='word_1_132' title='bbox 1311 1367 1442 1426; x_wconf 83' lang='lat' dir='ltr'>pasci.</span> 
     </span>
    </p>

    <p class='ocr_par' dir='ltr' id='par_1_14' title="bbox 218 1438 1656 1570">
     <span class='ocr_line' id='line_1_19' title="bbox 219 1438 1656 1503; baseline -0.006 -14"><span class='ocrx_word' id='word_1_133' title='bbox 219 1447 309 1489; x_wconf 84' lang='lat' dir='ltr'>Nos</span> <span class='ocrx_word' id='word_1_134' title='bbox 331 1445 480 1503; x_wconf 84' lang='lat' dir='ltr'>pavidi</span> <span class='ocrx_word' id='word_1_135' title='bbox 502 1445 721 1501; x_wconf 82' lang='lat' dir='ltr'>trepidare</span> <span class='ocrx_word' id='word_1_136' title='bbox 743 1449 886 1497; x_wconf 90' lang='lat' dir='ltr'>metu,</span> <span class='ocrx_word' id='word_1_137' title='bbox 911 1442 1162 1497; x_wconf 79' lang='lat' dir='ltr'>crinemque</span> <span class='ocrx_word' id='word_1_138' title='bbox 1184 1441 1446 1497; x_wconf 81' lang='lat' dir='ltr'>fiagrantem</span> <span class='ocrx_word' id='word_1_139' title='bbox 1569 1438 1656 1481; x_wconf 84' lang='lat'>685</span> 
     </span>
     <span class='ocr_line' id='line_1_20' title="bbox 218 1512 1371 1570; baseline -0.004 -10"><span class='ocrx_word' id='word_1_140' title='bbox 218 1518 441 1560; x_wconf 76' lang='lat' dir='ltr'>Excutere</span> <span class='ocrx_word' id='word_1_141' title='bbox 465 1521 509 1559; x_wconf 91' lang='lat' dir='ltr'>et</span> <span class='ocrx_word' id='word_1_142' title='bbox 533 1521 707 1559; x_wconf 86' lang='lat' dir='ltr'>sanctos</span> <span class='ocrx_word' id='word_1_143' title='bbox 728 1514 995 1570; x_wconf 81' lang='lat' dir='ltr'>restinguere</span> <span class='ocrx_word' id='word_1_144' title='bbox 1017 1512 1215 1555; x_wconf 86' lang='lat' dir='ltr'>fontibus</span> <span class='ocrx_word' id='word_1_145' title='bbox 1238 1512 1371 1568; x_wconf 76' lang='lat' dir='ltr'>ignes</span> 
     </span>
    </p>

    <p class='ocr_par' dir='ltr' id='par_1_15' title="bbox 219 1583 1245 1644">
     <span class='ocr_line' id='line_1_21' title="bbox 219 1583 1245 1644; baseline -0.007 -13"><span class='ocrx_word' id='word_1_146' title='bbox 219 1588 283 1631; x_wconf 91' lang='lat' dir='ltr'>At</span> <span class='ocrx_word' id='word_1_147' title='bbox 305 1593 430 1644; x_wconf 86' lang='lat' dir='ltr'>pater</span> <span class='ocrx_word' id='word_1_148' title='bbox 451 1586 668 1629; x_wconf 80' lang='lat' dir='ltr'>Anchises</span> <span class='ocrx_word' id='word_1_149' title='bbox 690 1585 837 1628; x_wconf 89' lang='grc'>0011105</span> <span class='ocrx_word' id='word_1_150' title='bbox 859 1584 916 1627; x_wconf 86' lang='lat' dir='ltr'>ad</span> <span class='ocrx_word' id='word_1_151' title='bbox 939 1584 1080 1627; x_wconf 84' lang='lat' dir='ltr'>sidera</span> <span class='ocrx_word' id='word_1_152' title='bbox 1100 1583 1245 1625; x_wconf 86' lang='lat' dir='ltr'>laetus</span> 
     </span>
    </p>

    <p class='ocr_par' dir='ltr' id='par_1_16' title="bbox 217 1653 1306 1714">
     <span class='ocr_line' id='line_1_22' title="bbox 217 1653 1306 1714; baseline -0.006 -13"><span class='ocrx_word' id='word_1_153' title='bbox 217 1658 414 1714; x_wconf 80' lang='lat' dir='ltr'>Extulit,</span> <span class='ocrx_word' id='word_1_154' title='bbox 438 1663 483 1700; x_wconf 90' lang='lat' dir='ltr'>et</span> <span class='ocrx_word' id='word_1_155' title='bbox 505 1657 621 1700; x_wconf 89' lang='grc'>00010</span> <span class='ocrx_word' id='word_1_156' title='bbox 642 1657 815 1713; x_wconf 83' lang='lat' dir='ltr'>palmas</span> <span class='ocrx_word' id='word_1_157' title='bbox 837 1670 940 1699; x_wconf 92' lang='lat' dir='ltr'>cum</span> <span class='ocrx_word' id='word_1_158' title='bbox 961 1669 1065 1698; x_wconf 86' lang='lat' dir='ltr'>voce</span> <span class='ocrx_word' id='word_1_159' title='bbox 1088 1653 1306 1697; x_wconf 84' lang='lat' dir='ltr'>tetendit:</span> 
     </span>
    </p>

    <p class='ocr_par' dir='ltr' id='par_1_17' title="bbox 220 1723 1394 1785">
     <span class='ocr_line' id='line_1_23' title="bbox 220 1723 1394 1785; baseline -0.006 -13"><span class='ocrx_word' id='word_1_160' title='bbox 220 1729 247 1750; x_wconf 75' lang='lat'>‘⁴</span> <span class='ocrx_word' id='word_1_161' title='bbox 265 1729 446 1785; x_wconf 78' lang='lat' dir='ltr'>Jupiter</span> <span class='ocrx_word' id='word_1_162' title='bbox 467 1727 760 1785; x_wconf 89' lang='lat' dir='ltr'>omnipotens,</span> <span class='ocrx_word' id='word_1_163' title='bbox 784 1726 985 1784; x_wconf 84' lang='lat' dir='ltr'>precibus</span> <span class='ocrx_word' id='word_1_164' title='bbox 1009 1725 1045 1769; x_wconf 87' lang='lat' dir='ltr'>si</span> <span class='ocrx_word' id='word_1_165' title='bbox 1065 1723 1255 1768; x_wconf 84' lang='lat' dir='ltr'>flecteris</span> <span class='ocrx_word' id='word_1_166' title='bbox 1275 1723 1394 1778; x_wconf 76' lang='lat' dir='ltr'>ullis,</span> 
     </span>
    </p>

    <p class='ocr_par' dir='ltr' id='par_1_18' title="bbox 219 1792 1658 2065">
     <span class='ocr_line' id='line_1_24' title="bbox 220 1792 1658 1856; baseline -0.006 -13"><span class='ocrx_word' id='word_1_167' title='bbox 220 1800 246 1821; x_wconf 79' lang='lat'>“</span> <span class='ocrx_word' id='word_1_168' title='bbox 267 1800 461 1856; x_wconf 86' lang='lat' dir='ltr'>Adspice</span> <span class='ocrx_word' id='word_1_169' title='bbox 482 1814 559 1842; x_wconf 88' lang='lat' dir='ltr'>nos</span> <span class='ocrx_word' id='word_1_170' title='bbox 579 1812 590 1843; x_wconf 72' lang='grc' dir='ltr'><strong><em>ε</em></strong></span> <span class='ocrx_word' id='word_1_171' title='bbox 624 1799 705 1841; x_wconf 87' lang='grc'>1100</span> <span class='ocrx_word' id='word_1_172' title='bbox 728 1803 937 1852; x_wconf 88' lang='lat' dir='ltr'>tantum;</span> <span class='ocrx_word' id='word_1_173' title='bbox 972 1802 1032 1852; x_wconf 91' lang='lat' dir='ltr'>et,</span> <span class='ocrx_word' id='word_1_174' title='bbox 1057 1795 1094 1839; x_wconf 87' lang='lat' dir='ltr'>si</span> <span class='ocrx_word' id='word_1_175' title='bbox 1114 1795 1287 1852; x_wconf 89' lang='lat' dir='ltr'>pietate</span> <span class='ocrx_word' id='word_1_176' title='bbox 1305 1808 1536 1848; x_wconf 88' lang='lat' dir='ltr'>meremur,</span> <span class='ocrx_word' id='word_1_177' title='bbox 1570 1792 1658 1836; x_wconf 85' lang='lat'>690</span> 
     </span>
     <span class='ocr_line' id='line_1_25' title="bbox 221 1864 1582 1925; baseline -0.004 -13"><span class='ocrx_word' id='word_1_178' title='bbox 221 1871 247 1891; x_wconf 76' lang='lat'>‘⁴</span> <span class='ocrx_word' id='word_1_179' title='bbox 264 1871 335 1913; x_wconf 86' lang='lat' dir='ltr'>Da</span> <span class='ocrx_word' id='word_1_180' title='bbox 357 1869 514 1912; x_wconf 85' lang='lat' dir='ltr'>deinde</span> <span class='ocrx_word' id='word_1_181' title='bbox 535 1869 764 1924; x_wconf 77' lang='lat' dir='ltr'>auxilium,</span> <span class='ocrx_word' id='word_1_182' title='bbox 788 1873 934 1925; x_wconf 88' lang='lat' dir='ltr'>pater,</span> <span class='ocrx_word' id='word_1_183' title='bbox 959 1873 1093 1922; x_wconf 87' lang='lat' dir='ltr'>atque</span> <span class='ocrx_word' id='word_1_184' title='bbox 1115 1866 1225 1908; x_wconf 87' lang='lat' dir='ltr'>haee</span> <span class='ocrx_word' id='word_1_185' title='bbox 1247 1865 1394 1908; x_wconf 88' lang='lat' dir='ltr'>omina</span> <span class='ocrx_word' id='word_1_186' title='bbox 1415 1864 1582 1907; x_wconf 87' lang='lat' dir='ltr'>firma.’&#39;</span> 
     </span>
     <span class='ocr_line' id='line_1_26' title="bbox 219 1937 1264 1994; baseline -0.005 -10"><span class='ocrx_word' id='word_1_187' title='bbox 219 1942 310 1984; x_wconf 80' lang='lat' dir='ltr'>Vix</span> <span class='ocrx_word' id='word_1_188' title='bbox 332 1956 383 1983; x_wconf 86' lang='lat' dir='ltr'>ea</span> <span class='ocrx_word' id='word_1_189' title='bbox 403 1941 524 1983; x_wconf 87' lang='lat' dir='ltr'>fatus</span> <span class='ocrx_word' id='word_1_190' title='bbox 547 1945 641 1982; x_wconf 88' lang='lat' dir='ltr'>erat</span> <span class='ocrx_word' id='word_1_191' title='bbox 665 1939 816 1994; x_wconf 88' lang='lat' dir='ltr'>senior,</span> <span class='ocrx_word' id='word_1_192' title='bbox 842 1938 1075 1994; x_wconf 85' lang='lat' dir='ltr'>subitoque</span> <span class='ocrx_word' id='word_1_193' title='bbox 1097 1937 1264 1993; x_wconf 83' lang='lat' dir='ltr'>fragore</span> 
     </span>
     <span class='ocr_line' id='line_1_27' title="bbox 220 2006 1363 2065; baseline -0.006 -9"><span class='ocrx_word' id='word_1_194' title='bbox 220 2006 634 2065; x_wconf 72' lang='lat' dir='ltr'>Intonuit&#39;laevum,</span> <span class='ocrx_word' id='word_1_195' title='bbox 660 2016 704 2053; x_wconf 91' lang='lat' dir='ltr'>et</span> <span class='ocrx_word' id='word_1_196' title='bbox 726 2011 779 2053; x_wconf 88' lang='lat' dir='ltr'>de</span> <span class='ocrx_word' id='word_1_197' title='bbox 803 2010 920 2053; x_wconf 91' lang='grc'>00010</span> <span class='ocrx_word' id='word_1_198' title='bbox 942 2010 1066 2065; x_wconf 86' lang='lat' dir='ltr'>lapsa</span> <span class='ocrx_word' id='word_1_199' title='bbox 1088 2023 1166 2065; x_wconf 80' lang='lat' dir='ltr'>per</span> <span class='ocrx_word' id='word_1_200' title='bbox 1186 2008 1363 2050; x_wconf 85' lang='lat' dir='ltr'>umbras</span> 
     </span>
    </p>

    <p class='ocr_par' dir='ltr' id='par_1_19' title="bbox 222 2078 1352 2127">
     <span class='ocr_line' id='line_1_28' title="bbox 222 2078 1352 2127; baseline -0.006 0"><span class='ocrx_word' id='word_1_201' title='bbox 222 2084 361 2127; x_wconf 71' lang='lat' dir='ltr'>Stella</span> <span class='ocrx_word' id='word_1_202' title='bbox 383 2083 526 2125; x_wconf 86' lang='lat' dir='ltr'>facem</span> <span class='ocrx_word' id='word_1_203' title='bbox 549 2082 712 2124; x_wconf 89' lang='lat' dir='ltr'>ducens</span> <span class='ocrx_word' id='word_1_204' title='bbox 735 2081 878 2123; x_wconf 85' lang='lat' dir='ltr'>multa</span> <span class='ocrx_word' id='word_1_205' title='bbox 900 2095 1002 2123; x_wconf 86' lang='lat' dir='ltr'>cum</span> <span class='ocrx_word' id='word_1_206' title='bbox 1025 2080 1121 2122; x_wconf 89' lang='lat' dir='ltr'>lucc</span> <span class='ocrx_word' id='word_1_207' title='bbox 1145 2078 1352 2121; x_wconf 77' lang='lat' dir='ltr'>cucurrit.</span> 
     </span>
    </p>

    <p class='ocr_par' dir='ltr' id='par_1_20' title="bbox 221 2149 1656 2276">
     <span class='ocr_line' id='line_1_29' title="bbox 221 2149 1656 2209; baseline -0.004 -12"><span class='ocrx_word' id='word_1_208' title='bbox 221 2155 365 2209; x_wconf 77' lang='lat' dir='ltr'>Illam,</span> <span class='ocrx_word' id='word_1_209' title='bbox 391 2168 564 2196; x_wconf 82' lang='lat' dir='ltr'>summa</span> <span class='ocrx_word' id='word_1_210' title='bbox 586 2167 715 2209; x_wconf 82' lang='lat' dir='ltr'>super</span> <span class='ocrx_word' id='word_1_211' title='bbox 736 2152 960 2194; x_wconf 84' lang='lat' dir='ltr'>labentem</span> <span class='ocrx_word' id='word_1_212' title='bbox 983 2151 1177 2194; x_wconf 79' lang='lat' dir='ltr'>culmina</span> <span class='ocrx_word' id='word_1_213' title='bbox 1200 2151 1322 2206; x_wconf 86' lang='lat' dir='ltr'>tecti,</span> <span class='ocrx_word' id='word_1_214' title='bbox 1570 2149 1656 2192; x_wconf 80' lang='lat'>695</span> 
     </span>
     <span class='ocr_line' id='line_1_30' title="bbox 222 2222 1211 2276; baseline -0.005 -7"><span class='ocrx_word' id='word_1_215' title='bbox 222 2226 451 2269; x_wconf 81' lang='lat' dir='ltr'>Cernimus</span> <span class='ocrx_word' id='word_1_216' title='bbox 474 2224 607 2267; x_wconf 86' lang='lat' dir='ltr'>Idaea</span> <span class='ocrx_word' id='word_1_217' title='bbox 629 2224 791 2266; x_wconf 85' lang='lat' dir='ltr'>claram</span> <span class='ocrx_word' id='word_1_218' title='bbox 815 2237 857 2265; x_wconf 87' lang='lat' dir='ltr'>se</span> <span class='ocrx_word' id='word_1_219' title='bbox 880 2223 1061 2264; x_wconf 81' lang='lat' dir='ltr'>condere</span> <span class='ocrx_word' id='word_1_220' title='bbox 1085 2222 1211 2276; x_wconf 82' lang='lat' dir='ltr'>silva,</span> 
     </span>
    </p>

    <p class='ocr_par' dir='ltr' id='par_1_21' title="bbox 223 2294 1334 2353">
     <span class='ocr_line' id='line_1_31' title="bbox 223 2294 1334 2353; baseline -0.003 -15"><span class='ocrx_word' id='word_1_221' title='bbox 223 2297 570 2353; x_wconf 72' lang='lat' dir='ltr'>Signantemque</span> <span class='ocrx_word' id='word_1_222' title='bbox 593 2295 711 2349; x_wconf 87' lang='lat' dir='ltr'>vias;</span> <span class='ocrx_word' id='word_1_223' title='bbox 746 2300 847 2336; x_wconf 88' lang='lat' dir='ltr'>tum</span> <span class='ocrx_word' id='word_1_224' title='bbox 869 2294 997 2350; x_wconf 78' lang='lat' dir='ltr'>longo</span> <span class='ocrx_word' id='word_1_225' title='bbox 1020 2294 1164 2336; x_wconf 84' lang='lat' dir='ltr'>limite</span> <span class='ocrx_word' id='word_1_226' title='bbox 1188 2294 1334 2336; x_wconf 82' lang='lat' dir='ltr'>sulcus</span> 
     </span>
    </p>

    <p class='ocr_par' dir='ltr' id='par_1_22' title="bbox 223 2365 1383 2424">
     <span class='ocr_line' id='line_1_32' title="bbox 223 2365 1383 2424; baseline -0.003 -14"><span class='ocrx_word' id='word_1_227' title='bbox 223 2368 314 2410; x_wconf 87' lang='lat' dir='ltr'>Dat</span> <span class='ocrx_word' id='word_1_228' title='bbox 337 2369 496 2424; x_wconf 88' lang='lat' dir='ltr'>lucem,</span> <span class='ocrx_word' id='word_1_229' title='bbox 520 2373 565 2410; x_wconf 89' lang='lat' dir='ltr'>et</span> <span class='ocrx_word' id='word_1_230' title='bbox 588 2368 678 2410; x_wconf 84' lang='lat' dir='ltr'>late</span> <span class='ocrx_word' id='word_1_231' title='bbox 702 2366 866 2409; x_wconf 88' lang='lat' dir='ltr'>circum</span> <span class='ocrx_word' id='word_1_232' title='bbox 888 2366 982 2408; x_wconf 84' lang='lat' dir='ltr'>loca</span> <span class='ocrx_word' id='word_1_233' title='bbox 1005 2365 1170 2407; x_wconf 85' lang='lat' dir='ltr'>sulfure</span> <span class='ocrx_word' id='word_1_234' title='bbox 1192 2365 1383 2407; x_wconf 79' lang='lat' dir='ltr'>fumant.</span> 
     </span>
    </p>

    <p class='ocr_par' dir='ltr' id='par_1_23' title="bbox 223 2436 1233 2495">
     <span class='ocr_line' id='line_1_33' title="bbox 223 2436 1233 2495; baseline -0.005 -13"><span class='ocrx_word' id='word_1_235' title='bbox 223 2439 308 2482; x_wconf 88' lang='lat' dir='ltr'>Hic</span> <span class='ocrx_word' id='word_1_236' title='bbox 331 2454 431 2482; x_wconf 87' lang='lat' dir='ltr'>vero</span> <span class='ocrx_word' id='word_1_237' title='bbox 452 2440 596 2482; x_wconf 90' lang='lat' dir='ltr'>victus</span> <span class='ocrx_word' id='word_1_238' title='bbox 618 2437 786 2495; x_wconf 84' lang='lat' dir='ltr'>genitor</span> <span class='ocrx_word' id='word_1_239' title='bbox 807 2452 850 2479; x_wconf 94' lang='grc'>50</span> <span class='ocrx_word' id='word_1_240' title='bbox 874 2436 990 2479; x_wconf 83' lang='lat' dir='ltr'>tellit</span> <span class='ocrx_word' id='word_1_241' title='bbox 1013 2437 1069 2478; x_wconf 85' lang='lat' dir='ltr'>ad</span> <span class='ocrx_word' id='word_1_242' title='bbox 1091 2450 1233 2491; x_wconf 83' lang='lat' dir='ltr'>auras,</span> 
     </span>
    </p>

    <p class='ocr_par' dir='ltr' id='par_1_24' title="bbox 221 2496 1657 2638">
     <span class='ocr_line' id='line_1_34' title="bbox 221 2496 1657 2566; baseline -0.004 -13"><span class='ocrx_word' id='word_1_243' title='bbox 221 2509 487 2566; x_wconf 85' lang='lat' dir='ltr'>Affaturque</span> <span class='ocrx_word' id='word_1_244' title='bbox 509 2496 610 2553; x_wconf 77' lang='grc'>(1005</span> <span class='ocrx_word' id='word_1_245' title='bbox 633 2514 678 2552; x_wconf 87' lang='grc'>01</span> <span class='ocrx_word' id='word_1_246' title='bbox 700 2513 904 2551; x_wconf 85' lang='lat' dir='ltr'>sanctum</span> <span class='ocrx_word' id='word_1_247' title='bbox 927 2506 1047 2550; x_wconf 85' lang='lat' dir='ltr'>sidus</span> <span class='ocrx_word' id='word_1_248' title='bbox 1069 2507 1233 2549; x_wconf 84' lang='lat' dir='ltr'>adorat.</span> <span class='ocrx_word' id='word_1_249' title='bbox 1567 2504 1657 2548; x_wconf 82' lang='lat'>700</span> 
     </span>
     <span class='ocr_line' id='line_1_35' title="bbox 223 2575 1655 2638; baseline -0.005 -13"><span class='ocrx_word' id='word_1_250' title='bbox 223 2581 250 2602; x_wconf 72' lang='lat'>‘⁶</span> <span class='ocrx_word' id='word_1_251' title='bbox 267 2581 299 2625; x_wconf 81' lang='lat' dir='ltr'><strong>J</strong></span> <span class='ocrx_word' id='word_1_252' title='bbox 301 2596 376 2624; x_wconf 91' lang='lat' dir='ltr'>am</span> <span class='ocrx_word' id='word_1_253' title='bbox 391 2580 487 2638; x_wconf 87' lang='lat' dir='ltr'>jam</span> <span class='ocrx_word' id='word_1_254' title='bbox 508 2580 630 2625; x_wconf 86' lang='lat' dir='ltr'>nulla</span> <span class='ocrx_word' id='word_1_255' title='bbox 653 2593 772 2623; x_wconf 89' lang='lat' dir='ltr'>mora</span> <span class='ocrx_word' id='word_1_256' title='bbox 793 2583 887 2622; x_wconf 87' lang='lat' dir='ltr'>est:</span> <span class='ocrx_word' id='word_1_257' title='bbox 922 2592 1075 2634; x_wconf 84' lang='lat' dir='ltr'>sequor</span> <span class='ocrx_word' id='word_1_258' title='bbox 1097 2582 1154 2633; x_wconf 84' lang='lat' dir='ltr'>ct,</span> <span class='ocrx_word' id='word_1_259' title='bbox 1175 2591 1263 2634; x_wconf 87' lang='lat' dir='ltr'>qua</span> <span class='ocrx_word' id='word_1_260' title='bbox 1285 2575 1461 2633; x_wconf 87' lang='lat' dir='ltr'>ducitis,</span> <span class='ocrx_word' id='word_1_261' title='bbox 1486 2575 1655 2619; x_wconf 82' lang='lat' dir='ltr'>adsum.</span> 
     </span>
    </p>
   </div>
  </div>
 </body>
</html>
