1741 2902
612 128 841 159 AENEIDos
872 129 959 159 Lm.
994 128 1075 159 ΧΠ.
1467 116 1553 158 283

138 235 166 257 “
183 235 379 293 Accipio,
403 250 672 293 agnoscoque
695 236 807 280 deos.
872 235 960 291 Me,
984 250 1054 278 me
1077 236 1186 278 duce
1208 235 1373 278 ferrum
1465 237 1550 277 260

137 306 165 327 ‘⁴
185 307 410 363 Corripito,
435 321 458 349 0
480 306 638 361 miseri,
664 321 772 362 quos
794 307 1018 363 improbus
1041 298 1210 349 adve‘na
1231 307 1345 349 bello

137 376 163 397 “
181 377 389 432 Tcrritat,
413 377 627 428 invalidas
652 382 702 418 ut
725 392 840 432 aves,
865 383 909 419 et
930 377 1060 419 litora
1082 382 1226 419 vestra

138 447 164 467 ‘⁴
181 448 239 489 Vi
262 448 470 503 populat3
505 452 627 502 petet
649 447 721 489 ille
743 448 908 504 fugam,
933 448 1195 504 penitusque
1222 447 1436 503 profundo

138 518 164 538 ‘⁴
180 519 292 560 Vela
313 518 447 561 dabit.
513 518 604 560 Vos
626 519 826 560 unanimi
848 520 1023 561 densete
1046 524 1255 573 catervas,

137 588 164 609 ‘⁶
182 589 243 631 Et
266 604 410 645 regem
432 589 553 631 vobis
575 604 724 645 pugna
748 589 970 631 defendite
993 591 1213 645 raptum.''
1470 590 1556 631 265

137 658 278 714 Dixit,
303 664 346 701 et
369 660 570 701 adversos
593 659 732 700 telum
755 659 963 701 contorsit
986 659 1031 700 in
1054 659 1198 701 hostes

137 729 397 772 Procurrens
418 744 427 772 :
464 730 657 772 sonitum
680 730 756 772 dat
781 730 964 772 stridula
987 744 1157 785 cornus,
1184 735 1227 772 et
1250 745 1378 772 auras

138 800 268 843 Certa
291 805 419 843 secat.
488 800 628 843 Simul
650 800 743 855 hoc,
769 800 899 842 simul
920 801 1073 856 ingens
1096 801 1267 855 clamor,
1294 807 1337 843 ct
1361 815 1507 844 omnes

138 871 326 913 Turbati
347 870 487 925 cunei,
513 870 810 925 calefactaque
835 871 963 912 corda
985 871 1197 914 tumultu.

136 941 280 983 Hasta
301 940 464 991 volans,
488 945 540 982 ut
562 940 673 982 forte
695 955 849 982 novem
870 941 1164 996 pulcherrima
1185 942 1371 983 fratrum
1469 940 1556 986 270

137 1011 324 1067 Corpora
347 1009 636 1052 constiterant
660 1016 821 1064 contra,
846 1025 952 1065 quos
974 1010 1062 1053 fida
1085 1017 1249 1053 crearat

137 1081 241 1124 Una
262 1086 330 1124 tot
354 1080 543 1123 Arcadio
565 1080 725 1137 conjux
750 1081 973 1136 Tyrrhena
996 1081 1202 1138 Gylippo,

136 1152 305 1194 Horum
328 1166 469 1194 unum
490 1152 547 1194 ad
568 1152 776 1206 medium,
801 1152 962 1193 teritur
983 1166 1071 1207 qua
1094 1152 1238 1194 sutilis
1262 1152 1357 1195 alvo

137 1222 322 1264 Balteus
344 1226 389 1263 et
411 1222 601 1263 laterum
618 1220 850 1277 juncturas
872 1222 1008 1263 fibula
1031 1223 1213 1278 mordet,

137 1292 376 1350 Egregium
397 1292 536 1335 forma
553 1292 761 1348 juvenem
784 1298 828 1335 et
849 1293 1120 1349 fulgentibus
1143 1293 1287 1349 armis,
1469 1292 1558 1338 275

138 1363 417 1420 Transadigit
439 1368 593 1418 costas,
617 1363 823 1419 fulvaque
848 1363 1034 1406 effundit
1057 1379 1199 1408 arena.

138 1433 200 1477 At
221 1434 390 1489 fratres,
416 1433 609 1476 animosa
630 1434 825 1490 phalanx
847 1449 1112 1489 accensaque
1135 1435 1275 1489 luctU,

137 1503 244 1546 Pars
266 1503 431 1558 gladios
455 1503 676 1559 stringunt
701 1503 917 1558 manibus,
943 1519 1042 1559 pars
1066 1505 1230 1547 missile
1251 1505 1411 1547 ferrum

138 1574 406 1629 Gorripiunt,
431 1574 634 1628 caecique
657 1579 804 1617 ruunt.
869 1574 986 1627 Quos
1010 1574 1189 1630 agmina
1211 1580 1361 1617 contra

138 1645 406 1687 Procurrunt
429 1643 706 1685 Laurentum
722 1657 733 1697 3
768 1644 868 1686 hinc
892 1644 1012 1686 densi
1034 1659 1182 1686 rursus
1204 1645 1423 1687 inundant
1470 1645 1559 1688 280

139 1716 270 1758 Troes
292 1714 581 1771 Agyllinique
606 1719 649 1756 et
673 1714 803 1770 pictis
825 1702 1021 1757 Arcades
1044 1714 1184 1758 armis.

139 1786 209 1830 Sic
232 1772 379 1828 omnes
401 1799 522 1827 amor
541 1798 655 1827 unus
676 1784 808 1826 habet
830 1785 1054 1827 decernere
1077 1785 1198 1829 ferro,

138 1855 365 1912 Diripuere
388 1869 483 1897 aras
500 1868 510 1909 ;
545 1853 582 1897 it
605 1858 698 1896 toto
719 1854 898 1897 turbida
921 1855 1037 1897 coelo

139 1926 395 1983 Tempestas
417 1926 616 1981 telorum,
641 1940 691 1968 ac
713 1925 874 1968 ferreus
896 1925 1063 1982 ingruit
1086 1925 1238 1981 imber,

140 1997 429 2053 Oraterasque
447 1996 649 2052 focosque
671 1996 832 2040 ferunt.
895 1996 1035 2053 Fugit
1057 1996 1151 2052 ipse
1174 1996 1377 2053 Latinus,
1473 1998 1561 2041 285

139 2069 344 2111 Pulsatos
366 2068 552 2110 referens
575 2067 737 2110 infecto
758 2067 926 2110 foedere
947 2067 1081 2111 divos.

140 2131 366 2181 Infrenant
389 2138 464 2180 alii
485 2151 646 2192 currus,
671 2142 749 2179 aut
773 2151 946 2193 corpora
969 2137 1087 2180 saltu

142 2208 389 2263 Subjiciunt
410 2208 456 2250 in
477 2222 621 2263 equos,
648 2212 692 2249 et
716 2207 880 2250 strictis
903 2208 1077 2249 ensibus
1098 2208 1271 2250 adsunt.

141 2278 370 2335 Messapus
392 2293 536 2334 regem
559 2279 755 2334 regisque
776 2277 943 2334 insigne
966 2282 1191 2333 gerentem

142 2349 417 2404 Tyrrhenum
439 2349 667 2402 Aulesten,
692 2348 844 2390 avidus
867 2346 1131 2389 confundere
1155 2346 1321 2401 foedus,
1475 2345 1562 2389 290

142 2420 338 2477 Adverso
360 2425 569 2477 proterret
592 2434 714 2475 equo.
780 2418 889 2460 Ruit
911 2418 984 2460 ille
1006 2417 1225 2472 recedens,

143 2491 203 2534 Et
226 2491 356 2534 miser
377 2490 587 2547 oppositis
609 2505 634 2532 a
658 2495 779 2546 tergo
802 2489 1040 2531 involvitur
1061 2488 1146 2531 aris

144 2562 198 2604 In
222 2566 357 2619 caput
379 2562 514 2618 inque
535 2561 738 2604 humeros
762 2573 773 2614 ;
807 2565 854 2602 at
875 2559 1064 2602 fervidus
1086 2559 1265 2602 advolat
1288 2558 1416 2601 hasta
