1731 2923
595 172 822 202 AENEiDos
856 172 940 202 11113.
978 173 1018 202 v.
1466 159 1522 204 99

99 282 337 326 Frontibus
359 285 404 324 et
426 280 556 337 longa
579 279 752 322 sulcant
775 280 888 322 vada
911 280 1023 322 salsa
1046 285 1203 322 carm-a.

98 352 290 408 Jamque
312 351 666 408 propinquabant
691 351 865 406 scopulo
888 357 1142 406 metamque
1166 350 1392 404 tenebant,

100 422 215 467 Cum
237 422 438 479 princeps
462 421 692 477 medioque
717 421 837 477 Gyas
860 421 905 463 in
927 421 1102 477 gurgite
1127 421 1265 463 victor
1440 421 1525 464 160

99 493 330 536 Rectorem
351 492 474 535 navis
497 492 732 548 compellat
756 507 858 534 voce
885 492 1142 536 Menoeten:

100 564 127 584 “
148 564 242 617 Quo
265 570 441 606 tantum
464 563 572 606 mihi
595 564 748 606 dexter
770 564 862 606 abis
883 565 903 606 P
970 563 1072 606 Huc
1095 564 1229 621 dirige
1251 568 1472 620 gressum!

100 636 127 656 ‘³
147 635 276 678 Litus
299 650 413 690 ama,
439 641 483 677 et
505 635 649 677 laevas
672 635 875 691 stringat,
901 635 1006 690 sine,
1031 632 1229 692 palmula
1252 641 1402 677 cautes
1420 649 1430 689 ;

100 707 125 726 ‘⁴
145 707 307 748 Altum
329 706 404 748 alii
427 710 632 750 teneant!
651 707 675 724 ”
739 706 867 748 Dixit
885 720 896 761 ;
931 707 1006 748 sed
1029 720 1156 748 caeca
1181 706 1406 748 Menoetes

101 776 217 818 Saxa
239 776 414 831 timens,
438 791 610 834 proram
632 776 776 833 pelagi
797 777 1028 832 detorquet
1053 777 1109 819 ad
1130 777 1282 820 undas.
1440 777 1526 819 165

100 846 128 867 ‘⁶
149 847 243 901 Quo
266 847 462 890 diversus
484 847 577 890 abis
596 848 618 891 Ρ
632 849 657 865 ''
689 847 852 889 iterum
876 847 902 867 “
920 848 1029 890 Pete
1053 862 1172 903 saxa,
1200 847 1400 890 Menoete
1418 848 1465 891 1'’

100 916 215 960 Cum
239 917 423 959 elamore
447 916 566 972 Gyas
589 917 833 971 revocabat,
858 921 902 959 et
927 931 1024 959 ecce
1048 918 1317 960 Cloanthum

100 987 298 1043 Respicit
316 987 557 1029 instantem
580 991 700 1043 tergo
723 992 767 1029 et
789 987 989 1043 propiora
1011 992 1252 1030 tenentem.

97 1058 179 1100 Ille
200 1058 316 1100 inter
337 1070 581 1113 navemque
606 1056 728 1113 Gyae
752 1057 1035 1113 scopulosque
1058 1063 1262 1100 sonantes

100 1128 236 1171 Radit
260 1129 344 1170 iter
366 1128 541 1170 laevum
562 1127 754 1184 interior,
779 1128 1012 1184 subitoque
1034 1129 1222 1185 priorem
1436 1125 1524 1172 170

98 1198 331 1254 Praeterit,
356 1203 401 1240 et
423 1198 552 1240 metis
575 1202 695 1240 tenet
719 1213 906 1254 aequora
928 1203 1030 1241 tuta
1053 1199 1227 1242 relictis.

99 1270 218 1312 Tum
241 1284 339 1312 vero
361 1269 525 1312 exarsit
540 1268 694 1325 juveni
715 1269 835 1312 dolor
856 1270 1024 1312 ossibus
1046 1270 1211 1326 ingens,

99 1339 192 1382 Nec
215 1339 406 1382 lacrimis
428 1353 604 1381 caruere
625 1354 775 1395 genae,
801 1354 1062 1396 segnemque
1085 1341 1332 1396 Menoeten,

99 1411 276 1456 Oblitus
298 1411 546 1467 decorisque
570 1411 638 1454 sui
661 1411 914 1467 sociumque
938 1412 1106 1467 salutis,

99 1483 155 1525 In
177 1497 294 1525 mare
317 1482 602 1539 praecipitem
624 1483 765 1538 puppi
787 1483 994 1525 deturbat
1018 1483 1074 1525 ab
1096 1484 1187 1525 alta
1209 1497 1220 1537 ;
1442 1480 1528 1526 175

99 1554 201 1610 Ipse
224 1554 486 1609 gubernaclo
508 1558 649 1595 rector
670 1553 802 1608 subit,
826 1553 917 1610 ipse
940 1553 1164 1610 magister,
1221 1544 1225 1547 ’

102 1625 407 1680 Hortaturque
429 1624 553 1679 viros,
579 1625 841 1680 clavumque
865 1625 922 1666 ad
943 1624 1076 1666 litora
1097 1629 1288 1680 torquet.

100 1696 166 1738 At
188 1695 344 1753 gravis,
363 1701 416 1738 ut
436 1695 572 1738 fundo
593 1695 670 1738 vix
691 1696 873 1738 tandem
895 1695 1092 1738 redditus
1113 1695 1201 1737 imo
1222 1700 1304 1747 est,

99 1764 132 1809 J
134 1780 207 1808 am
229 1765 383 1821 senior,
407 1766 671 1821 madidaque
693 1765 833 1808 fluens
853 1765 900 1808 in
920 1770 1054 1821 veste,
1080 1765 1302 1808 Menoetes

105 1837 290 1881 Summa
311 1836 426 1893 petit
448 1837 628 1893 scopuli,
654 1836 850 1893 siccaque
871 1836 918 1879 in
940 1851 1047 1893 rupe
1069 1837 1239 1880 resedit.
1446 1835 1532 1878 180

101 1907 238 1950 Illum
260 1913 304 1950 et
325 1908 548 1950 labentem
572 1907 730 1950 Teucri
752 1913 795 1950 et
818 1907 945 1950 risere
967 1913 1215 1962 natantem,

101 1978 164 2020 Et
188 1978 322 2021 salsos
344 1977 487 2020 rident
511 1983 806 2020 revomentem
828 1984 1001 2034 pectore
1022 1978 1197 2021 fluetus.

103 2049 190 2092 Hie
213 2050 333 2091 laeta
354 2049 561 2092 extremis
584 2064 680 2106 spes
704 2055 770 2091 est
792 2063 973 2092 accensa
994 2049 1179 2104 duobus,

106 2120 305 2176 Sergesto
328 2119 650 2175 Mnestheique,
677 2119 807 2174 Gyan
831 2134 1034 2175 superare
1057 2125 1315 2162 morantem.

107 2191 334 2246 Sergestus
351 2189 471 2245 capit
494 2195 596 2231 ante
618 2190 776 2244 locum,
801 2190 1064 2246 scopuloque
1086 2190 1368 2246 propinquat,
1448 2188 1533 2230 185

106 2261 198 2303 Nec
223 2265 319 2303 tota
341 2266 491 2302 tamen
512 2260 586 2302 ille
609 2259 723 2316 prior
744 2266 978 2315 praeeunte
1001 2261 1173 2302 carina:

107 2333 240 2374 Parte
263 2331 391 2388 prior,
417 2337 590 2387 partem
612 2336 747 2372 rostro
770 2331 930 2386 premit
953 2331 1127 2372 aemula
1153 2330 1322 2372 Pristis.

107 2402 173 2445 At
197 2402 344 2444 media
368 2401 500 2443 socios
521 2401 726 2443 incedens
748 2415 858 2443 nave.
880 2414 957 2456 per
978 2401 1094 2457 ipsos

107 2472 325 2515 Hortatur
347 2471 629 2516 Mnestheus:
667 2471 693 2491 ‘⁴
713 2470 756 2513 N
759 2485 859 2526 unc,
884 2486 1001 2514 nune
1023 2471 1235 2527 insurgite
1258 2470 1402 2526 remis,

109 2542 138 2566 “
157 2543 364 2586 Hectorei
383 2542 501 2599 socii,
527 2542 682 2599 Trojae
705 2557 811 2598 quos
834 2548 949 2585 sorte
972 2557 1177 2600 suprema
1449 2541 1535 2585 190

111 2614 140 2636 “
158 2613 314 2672 Delegi
334 2614 516 2658 comites
531 2629 542 2669 ;
575 2629 694 2657 nunc
716 2614 812 2657 illas
834 2614 1018 2671 promite
1039 2614 1163 2670 vires,
