1778 2937
218 152 276 194 14
718 162 953 193 AENEIDos
984 162 1072 193 ΜΒ.
1108 161 1137 192 1.

218 271 247 293 “
267 271 365 315 Aut
388 277 535 315 metus
558 285 656 314 acer
678 275 771 313 erat
790 285 801 326 3
836 285 982 325 naveS,
1008 283 1120 326 quae
1141 268 1254 311 forte
1277 273 1476 326 paratae,

219 342 246 363 ‘⁴
267 343 520 400 Corripiunt
545 348 816 397 onerantque
838 356 945 384 auro
966 355 975 384 ε
1011 345 1250 397 portantur
1272 341 1394 383 avari

219 413 247 435 ‘⁶
264 414 565 471 Pygmalionis
589 428 691 470 opes
714 414 870 470 pelago
891 427 902 467 3
938 413 1031 455 dux
1051 411 1243 454 foemina
1264 412 1386 456 faeti.
1405 435 1429 459 ’ψ

219 485 245 506 “
266 485 490 528 Devenere
511 486 640 541 locos,
664 472 742 527 u'bi
763 500 880 528 nunc
903 484 1101 541 ingentia
1123 483 1266 527 cernis
1566 485 1655 529 365

220 555 248 576 “
268 555 443 598 Moenia
467 562 806 613 surgentemque
828 569 964 598 novae
989 554 1274 611 Carthaginis
1295 569 1458 612 arcem,

220 627 246 648 “
263 628 536 684 Mereatique
556 628 712 685 solum,
731 627 840 670 facti
862 627 916 670 de
939 627 1115 670 nemine
1140 628 1341 684 Byrsam,

219 699 246 720 “
267 700 458 742 Taurino
481 705 701 756 quantum
723 704 901 756 possent
925 699 1197 743 circumdare
1220 704 1387 757 terge...

218 770 247 792 “
267 772 353 815 Sed
375 786 449 813 vos
473 771 550 827 qui
571 771 770 826 tandem,
796 770 959 827 quibus
982 776 1063 814 aut
1084 771 1268 815 venistis
1289 771 1467 828 aberis,

219 841 246 862 ‘⁶
267 843 415 895 Quove
439 842 598 885 tenetis
620 842 706 885 iter
723 843 746 886 Ρ
763 844 788 860 ”
856 842 1095 897 Quaerenti
1117 843 1282 887 talibus
1303 844 1379 886 ille
1574 841 1663 888 370

154 943 157 946 >
219 913 451 970 Suspirans
473 913 648 970 imoque
671 913 850 956 trahens
872 928 899 955 a
920 919 1097 970 pectere
1119 929 1271 957 vocem
1293 928 1303 958 :

218 984 246 1005 ‘⁴
265 984 302 1028 O
326 985 422 1041 dea,
442 985 477 1027 si
498 985 641 1041 prima
664 989 868 1041 repetens
891 985 947 1027 ab
971 985 1137 1042 origine
1160 1000 1356 1042 pergam,

219 1055 246 1076 ‘⁴
264 1056 329 1098 Et
351 1061 479 1098 vacet
501 1056 684 1098 annales
706 1061 955 1099 nostrorum
977 1056 1129 1099 audire
1151 1057 1369 1113 laborum,

219 1126 247 1147 ‘⁶
265 1126 387 1169 Ante
409 1127 527 1169 diem
550 1128 696 1171 clauso
719 1132 952 1185 componet
976 1127 1146 1185 Vesper
1171 1127 1379 1185 Olympo.

219 1197 247 1218 ‘⁶
266 1198 359 1241 Nos
384 1198 513 1255 Treja
534 1199 732 1256 antiqua,
758 1199 794 1242 si
815 1204 983 1242 vestras
1005 1199 1116 1242 forte
1139 1214 1216 1256 per
1238 1214 1367 1243 aures
1573 1198 1661 1244 375

219 1268 246 1290 ‘⁴
265 1269 422 1326 Trojae
443 1285 604 1313 nomen
625 1270 692 1326 iit,
716 1271 886 1313 diversa
908 1285 986 1328 per
1007 1285 1198 1328 aequora
1221 1277 1369 1315 vectos

219 1341 246 1362 ‘⁶
262 1340 396 1384 Forte
420 1356 500 1385 sua
522 1341 698 1398 Libycis
721 1347 967 1399 tempestas
990 1342 1167 1399 appulit
1190 1342 1290 1387 oris.

219 1412 248 1434 “
264 1414 373 1457 Sum
394 1413 493 1470 pius
514 1412 706 1469 Aeneas,
731 1418 879 1470 raptos
902 1413 981 1470 qui
1003 1428 1058 1456 ex
1078 1413 1204 1456 hoste
1223 1414 1419 1457 Penates

219 1484 247 1505 “
267 1484 415 1527 Classe
438 1484 549 1527 veho
572 1499 762 1540 mecum,
786 1484 906 1526 fama
929 1499 1060 1541 super
1081 1485 1260 1528 aethera
1283 1491 1415 1529 notus
1435 1500 1447 1541 3

218 1556 247 1577 ‘⁴
263 1556 442 1599 Italiam
465 1571 625 1612 quaero
648 1557 839 1613 patriam
861 1562 906 1599 et
927 1571 1067 1613 genus
1090 1557 1147 1599 ab
1169 1557 1282 1606 Jove
1307 1572 1495 1602 summo.
1573 1559 1662 1601 380

218 1628 244 1648 ‘⁴
265 1629 342 1671 Bis
365 1629 487 1671 denis
510 1628 756 1685 Phrygium
779 1629 1013 1672 conscendi
1035 1629 1223 1672 navibus
1248 1643 1425 1686 aequor,

217 1700 243 1721 ‘⁵
264 1700 410 1743 Matre
433 1701 515 1744 dea
537 1706 814 1744 monstrante
838 1701 972 1758 viam,
998 1701 1107 1744 data
1127 1701 1224 1744 fata
1248 1707 1457 1757 secutus3

218 1770 244 1792 “
264 1771 356 1814 Vix
378 1776 550 1828 septem
572 1772 806 1815 convulsae
828 1772 959 1815 undis
981 1773 1191 1829 Euroque
1215 1779 1465 1830 supersunt.

218 1842 245 1863 ‘⁴
263 1843 365 1899 Ipse
386 1843 578 1899 ignotus,
602 1857 746 1899 egens,
771 1843 939 1900 Libyae
961 1845 1135 1887 deserta
1158 1859 1355 1901 peragro,

219 1913 245 1934 ‘⁶
263 1914 444 1969 Europa
466 1917 602 1969 atque
625 1912 737 1955 Asia
759 1914 1000 1970 pulsusss'a-
1010 1914 1055 1957 N
1058 1929 1106 1957 ec
1129 1915 1257 1971 plura
1275 1921 1537 1972 querentem
1572 1918 1660 1962 385

218 1985 355 2027 Passa
372 1983 526 2027 Venus
546 1984 690 2028 medio
713 1985 774 2028 sic
797 1985 1012 2029 interfata
1028 1987 1173 2030 dolore
1196 1991 1263 2030 est
1283 2002 1292 2031 z

219 2054 246 2075 “
265 2054 473 2112 Quisquis
495 2069 552 2110 es,
578 2054 710 2111 haud,
728 2057 868 2112 credo,
893 2056 1061 2100 invisus
1084 2057 1347 2101 coelestibus
1369 2072 1498 2102 auras

219 2126 246 2147 ‘⁶
264 2126 438 2169 Vitales
461 2126 620 2184 carpis,
647 2127 828 2183 Tyriam
851 2128 928 2184 qui
951 2129 1179 2172 adveneris
1200 2130 1368 2174 urbem.

219 2197 247 2219 ‘⁵
265 2198 405 2255 Perge
426 2199 572 2255 medo,
601 2204 736 2255 atque
759 2199 861 2242 hinc
885 2204 929 2242 te
953 2200 1128 2257 reginae
1151 2202 1208 2244 ad
1229 2201 1387 2244 limina
1411 2203 1567 2259 perfer.

219 2269 248 2291 ‘⁴
266 2270 473 2326 Namque
497 2270 580 2312 tibi
601 2271 783 2313 reduces
807 2271 942 2314 socios
967 2272 1240 2329 classemque
1264 2273 1453 2317 relatam
1570 2276 1660 2320 390

219 2340 246 2362 “
270 2340 441 2384 Nuntio
464 2347 508 2384 et
529 2341 577 2384 in
599 2347 754 2384 tutum
770 2342 904 2385 versis
927 2342 1226 2398 Aquilonibus
1249 2349 1413 2401 actam,

221 2411 248 2432 ‘³
266 2411 328 2454 Ni
348 2412 512 2456 frustra
534 2413 773 2470 augurium
796 2414 899 2456 vani
920 2415 1102 2456 docuere
1125 2421 1341 2471 parentes.

220 2481 247 2502 ‘⁵
263 2482 456 2540 Adspice
478 2484 545 2527 bis
568 2498 692 2528 senos
714 2484 931 2527 laetantes
955 2485 1128 2542 agmine
1151 2500 1323 2543 cycnos,

221 2554 248 2574 ‘⁶
265 2554 480 2598 Aetheria
502 2570 610 2612 quos
632 2556 758 2613 lapsa
779 2556 912 2613 plaga
934 2556 1060 2600 Jovis
1084 2557 1174 2601 ales
1199 2564 1353 2615 aperte

221 2624 246 2646 “
267 2625 497 2671 Turbabat
522 2627 640 2670 coelo
661 2641 672 2682 3
706 2642 824 2670 nunc
851 2632 984 2671 terras
1008 2629 1155 2672 ordine
1179 2630 1307 2687 longo
1570 2634 1659 2679 395
