1757 2916
0 2383 66 2481 3

184 138 240 180 42
679 145 911 177 AENE1Dos
943 145 1029 176 LIB.
1065 144 1111 174 11.

185 257 387 302 Concidit
410 272 461 300 ac
483 256 625 299 multo
647 255 786 298 vitam
808 268 912 297 cum
934 251 1146 310 sanguine
1168 249 1296 293 fudit.

184 329 269 372 Hic
293 329 508 384 Priamus,
532 341 805 384 quamquam
826 325 873 368 in
893 324 1039 367 media
1056 323 1151 380 jam
1172 326 1314 364 morte
1337 324 1528 375 tenetur,

184 402 286 445 Non
308 407 458 444 tamen
481 399 710 453 abstinuit,
736 411 815 440 nec
838 395 931 439 voci
956 395 1130 450 iraeque
1153 392 1347 450 pepercit
1365 406 1376 446 ;

186 473 213 494 “
234 473 298 516 At
321 472 402 515 tibi
423 487 500 528 pro
524 471 724 525 scelerc,’'
750 466 1019 521 exclamat,“
1039 480 1115 522 pro
1138 465 1301 507 talibus
1323 463 1440 506 ausis
1534 463 1619 505 535

187 544 213 564 “
235 544 308 600 Di,
335 543 476 599 siqua
499 547 567 584 est
591 540 706 583 coelo
728 540 884 595 pietas,
910 551 1022 592 quae
1046 536 1153 578 talia
1175 532 1333 588 curet,'

187 615 214 635 “
235 615 493 657 Per-solvant
515 617 661 669 grates
683 611 838 666 dignas
860 613 904 651 et
926 607 1121 664 praemia
1143 606 1330 648 reddant

187 685 214 706 “
237 685 412 739 Debita,
437 683 513 739 qui
535 682 631 724 nati
652 694 798 723 coram
818 692 889 721 me
911 691 1083 719 cernere
1106 676 1250 718 letum

189 757 214 777 ‘⁶
235 755 402 798 Fecisti
424 760 468 796 et
491 752 657 810 patrios
678 749 867 794 foedasti
889 749 1038 791 funere
1062 747 1227 789 vultus.

188 827 213 848 “
233 828 299 869 At
321 840 409 868 non
431 825 518 880 ille,
545 828 694 867 satum
716 836 802 878 quo
824 826 871 864 te
892 818 1108 875 mentiris,
1133 817 1331 861 Achilles
1535 814 1623 859 540

188 899 216 920 “
234 898 354 941 Talis
376 897 424 940 in
444 896 569 939 hoste
590 894 678 937 fuit
701 893 894 949 Priamo,
918 891 992 935 scd
1008 890 1111 946 jura
1132 889 1352 945 fidemque

188 971 216 993 “
237 968 457 1027 Supplicis
479 966 668 1022 erubuit,
693 978 936 1021 corpusque
959 975 1179 1018 exsangue
1203 959 1398 1016 sepulcro

189 1042 216 1064 “
236 1041 447 1084 Reddidit
469 1039 754 1092 Hectoreum,
777 1048 936 1091 meque
959 1033 1006 1075 in
1027 1046 1127 1075 mea
1149 1044 1282 1088 regna
1304 1028 1511 1072 remisit.'’

189 1113 262 1157 Sic
282 1112 402 1154 fatus
425 1110 578 1164 senior,
603 1107 831 1163 telumque
853 1104 1030 1147 imbelle
1053 1103 1145 1146 sine
1167 1102 1264 1144 ictu

192 1183 405 1240 Conjecit‚
430 1195 558 1224 rauco
581 1179 698 1236 quod
720 1177 921 1235 protinus
943 1189 1040 1218 aere
1062 1173 1290 1230 repulsum
1536 1168 1624 1214 545

189 1255 250 1298 Et
275 1267 446 1298 summo
469 1251 596 1308 clipei
618 1250 917 1306 nequidquam
938 1247 1128 1289 umbone
1151 1243 1375 1301 pependit.

191 1326 276 1370 Cui
298 1325 518 1381 Pyrrhus:
554 1321 583 1344 “
600 1322 774 1364 Referes
797 1334 896 1377 ergo
917 1319 1023 1362 haec
1047 1323 1092 1360 et
1113 1316 1298 1359 nuntius
1320 1314 1403 1357 ibis

192 1397 218 1418 ‘⁴
238 1397 414 1439 Pelidae
437 1392 624 1452 genitori
643 1407 654 1437 ι
689 1392 755 1434 illi
777 1405 875 1433 mea
899 1389 1042 1432 tristia
1064 1389 1183 1430 facta

195 1469 223 1490 ‘⁶
243 1469 597 1524 Degeneremque
620 1462 963 1519 Neoptolemum
985 1473 1157 1502 narrare
1180 1461 1413 1500 memento.

193 1540 220 1560 ‘⁴
236 1539 368 1582 Nunc
383 1536 585 1579 morere.''
618 1534 714 1576 Hoc
729 1533 892 1587 dicens,
908 1530 1063 1574 altaria
1077 1530 1133 1572 ad
1147 1529 1242 1585 ipsa
1254 1531 1521 1570 trementem
1538 1526 1627 1570 550

192 1608 349 1652 Traxit
372 1613 416 1650 et
438 1607 485 1649 in
507 1605 649 1648 multo
670 1605 925 1660 lapsantem
947 1600 1159 1658 sanguine
1183 1598 1292 1654 nati,

192 1679 512 1737 Implicuitque
534 1689 705 1719 comam
726 1675 865 1730 laeva,
889 1673 1133 1727 dextraque
1157 1683 1385 1713 coruscum

192 1751 374 1796 Extulit
396 1765 446 1793 ac
469 1747 599 1792 lateri
620 1747 777 1804 capulo
800 1751 929 1788 tenus
952 1743 1123 1787 abdidit
1146 1756 1307 1785 ensem.

193 1824 316 1867 Haec
339 1821 438 1864 finis
461 1818 627 1862 Priami
647 1818 840 1860 fatorum
853 1830 866 1871 3
899 1816 971 1858 hic
993 1815 1141 1857 exitus
1163 1813 1293 1856 illum

197 1895 323 1938 Sorte
346 1892 468 1946 tulit,
494 1889 672 1945 Trojam
693 1888 917 1930 incensam
940 1891 985 1928 et
1006 1886 1210 1942 prolapsa
1231 1884 1457 1926 videntem
1540 1884 1629 1927 555

196 1965 425 2021 Pergama,
445 1966 514 2004 tot
536 1960 758 2016 quondam
780 1957 954 2015 populis
977 1956 1188 2012 terrisque
1211 1955 1448 2011 superbum

197 2036 490 2099 Regffltorem
514 2031 646 2074 Asiae
666 2042 676 2073 ι
705 2024 999 2085 jacet'ingens
1021 2027 1145 2069 litore
1169 2031 1365 2080 truncus,

199 2104 504 2159 Avulsumque
528 2100 720 2144 humeris
743 2103 880 2155 caput
902 2104 946 2141 et
971 2097 1061 2140 sine
1084 2097 1257 2140 nomine
1281 2111 1447 2154 corpus.

288 2175 354 2218 At
377 2189 447 2216 me
469 2178 568 2215 tum
590 2172 785 2228 primum
809 2184 962 2212 saevus
985 2168 1277 2212 circumstetit
1300 2168 1455 2211 horror.

130 2232 421 2303 OObstupui
442 2259 450 2289 :
488 2243 623 2287 subiit
647 2241 734 2285 cari
757 2241 964 2298 genitoris
986 2241 1145 2297 imago,
1542 2240 1630 2284 560

199 2319 267 2362 Ut
289 2331 434 2374 regem
457 2328 729 2371 aequaevum
751 2312 917 2355 crudeli
939 2312 1116 2354 vulnere
1139 2311 1229 2354 vidi

200 2390 354 2433 Vitam
377 2387 657 2430 exhalantem
674 2399 685 2439 3
719 2384 853 2428 subiit
876 2384 1048 2426 deserta
1072 2383 1236 2426 Creusa

201 2462 260 2504 Et
284 2461 455 2516 direpta
476 2459 631 2501 domus
653 2462 699 2498 ct
722 2455 845 2512 parvi
867 2469 991 2497 casus
1016 2454 1116 2497 Iuli.

201 2531 400 2588 Respicio
423 2534 481 2584 ct,
505 2541 617 2585 quae
641 2527 697 2570 sit
719 2541 788 2568 me
811 2525 976 2580 circuni
999 2524 1136 2581 copia,
1161 2524 1312 2567 lustro.

203 2603 439 2687 Desciffrc
461 2613 607 2644 omncs
628 2597 800 2653 defessi,
824 2602 870 2640 ct
893 2610 1069 2653 corpora
1091 2595 1207 2637 saltu
1543 2594 1630 2638 565
