1757 2916
97 120 103 125 '
118 113 206 157 104
612 125 841 156 AENfflnos
873 126 959 157 Lm.
994 126 1037 157 v.

115 233 276 277 Finem
299 234 613 290 adventabant,
637 234 723 277 levi
740 249 842 277 cum
865 234 1076 291 sanguine
1100 233 1238 276 Nisus

114 305 302 349 Labitur
323 306 488 362 infelix,
514 306 649 349 caesis
671 312 723 349 ut
744 306 855 349 forte
873 306 1072 362 juvencis

114 377 261 420 Fusus
282 377 470 420 humum
493 377 736 434 viridesque
762 392 891 433 super
913 377 1205 420 madefecerat
1229 376 1396 419 herbas.
1463 374 1553 417 330

116 448 203 490 Hic
219 447 395 505 juvenis
411 448 506 504 jam
529 449 669 491 victor
691 463 825 491 ovans
849 447 1034 504 vestigia
1056 462 1201 504 presso

116 518 252 561 Haud
275 518 422 561 tenuit
445 519 644 561 titubata
667 518 768 573 solo,
795 519 871 561 sed
893 533 1057 574 pronus
1078 519 1125 560 in
1147 518 1241 574 ipso

117 588 321 632 Concidit
343 590 659 645 immundoque
680 589 784 631 fimo
808 603 1014 645 sacroque
1037 603 1198 632 cruore.

115 658 217 702 Non
238 664 389 702 tamen
410 659 609 715 Euryali,
633 674 720 701 non
741 659 813 701 ille
835 659 998 701 oblitus
1020 673 1220 701 amorum
1240 672 1250 702 :

115 730 235 773 Nam
258 745 348 773 sese
370 729 575 787 opposuit
601 729 718 774 Salio
742 744 820 786 per
840 729 1008 772 lubrica
1031 743 1239 786 surgens;
1459 729 1556 772 335

116 801 198 843 Ille
220 805 373 843 autem
396 801 533 858 spissa
549 800 694 857 jacuit
717 801 942 843 revolutus
965 815 1109 843 arena.

114 871 293 914 Emicat
315 871 558 928 Euryalus,
577 876 623 914 et
644 885 825 914 munere
848 871 990 914 victor
1011 870 1143 913 amici

115 943 268 986 Prima
289 948 429 998 tenet,
454 943 700 1000 plausuque
721 943 842 985 volat
865 942 1135 997 fremituque
1158 941 1359 984 secundo.

117 1013 225 1057 Post
249 1014 467 1071 Helymus
491 1013 625 1070 subit,
649 1018 694 1056 et
716 1028 833 1056 nunc
857 1013 991 1056 tertia
1013 1013 1164 1069 palma
1186 1012 1353 1055 Diores.

118 1085 204 1128 Hic
227 1091 375 1128 totum
399 1099 552 1128 caveae
575 1099 826 1127 consessum
847 1083 1040 1141 ingentis
1063 1088 1108 1125 et
1132 1098 1206 1125 ora
1465 1080 1555 1123 340
1617 1093 1622 1096 ·

117 1157 267 1200 Prima
288 1162 468 1214 patrum
490 1156 662 1213 magnis
687 1156 832 1200 Salius
854 1155 1116 1198 clamoribus
1139 1154 1311 1211 implet,

117 1221 421 1286 Ereptumque
444 1228 540 1270 dolo
563 1227 685 1270 reddi
707 1227 790 1270 sibi
811 1226 952 1283 poscit
973 1226 1191 1268 honorem.

119 1301 316 1344 Tutatur
338 1301 459 1343 favor
480 1300 740 1356 Euryalum,
764 1299 1061 1354 lacrimaeque
1083 1298 1277 1352 decorae,

119 1373 297 1416 Gratior
318 1377 362 1415 et
384 1371 567 1428 pulchro
589 1371 765 1413 veniens
786 1370 832 1412 in
854 1384 1028 1426 corpore
1052 1368 1194 1411 virtus
1211 1381 1222 1422 ;

117 1444 318 1500 Adjuvat
341 1448 386 1485 et
407 1456 570 1498 magna
592 1441 836 1498 proclamat
856 1454 959 1482 voce
983 1439 1151 1494 Diores,
1467 1435 1556 1479 345

119 1515 205 1568 Qui
228 1513 362 1557 subiit
383 1513 573 1570 palmae,
596 1511 846 1567 frustraque
869 1511 925 1553 ad
948 1509 1142 1567 praemia
1164 1508 1286 1551 venit

118 1586 308 1641 Ultima,
333 1585 369 1628 si
390 1584 523 1641 primi
548 1584 664 1628 Salio
687 1583 928 1626 reddantur
948 1583 1143 1625 honores.

119 1658 237 1700 Tum
259 1661 386 1715 pater
406 1656 579 1699 Aeneas
604 1655 631 1676 “
649 1655 810 1698 Vestra
824 1656 849 1673 '⁷
871 1654 1020 1710 inquit
1044 1653 1071 1673 ‘⁴
1090 1666 1272 1695 munera
1294 1650 1416 1693 vobis

120 1728 148 1750 ‘⁴
168 1728 300 1772 Certa
321 1733 516 1783 manent,
541 1727 678 1783 pueri,
704 1731 748 1769 et
771 1725 968 1782 palmam
989 1729 1136 1767 movet
1160 1723 1308 1766 ordine
1332 1735 1461 1763 nemo
1479 1734 1491 1773 3

121 1799 147 1819 ‘⁴
166 1799 239 1841 Me
262 1799 395 1841 liceat
417 1812 544 1840 casus
565 1797 762 1840 miserari
783 1795 969 1838 insontis
992 1794 1164 1837 amici.'’
1461 1791 1553 1834 350

121 1870 192 1913 Sic
213 1869 348 1924 fatus,
373 1874 548 1924 tergum
572 1868 756 1911 Gaetuli
777 1866 973 1909 immane¹
987 1866 1122 1909 leonis

122 1941 213 1983 Dat
238 1940 369 1996 Salio,
393 1940 507 1982 villis
529 1954 757 1982 onerosum
779 1944 912 1994 atquc
935 1937 1158 1995 unguibus
1180 1935 1329 1978 aureis.

121 2012 205 2054 Hic
231 2011 375 2053 Nisus.
393 2010 419 2031 ‘⁶
440 2010 486 2054 Si
508 2015 638 2053 tanta
651 2012 676 2028 '²
699 2010 844 2065 inquit
869 2009 895 2029 ‘⁶
915 2014 1018 2051 sunt
1041 2008 1236 2065 praemia
1259 2006 1402 2061 victis,

123 2083 150 2104 ‘⁶
169 2083 230 2125 Et
258 2088 299 2124 tc
322 2082 543 2138 lapsorum
565 2081 766 2137 miserctg
803 2094 914 2136 quac
939 2094 1120 2122 munera
1143 2078 1252 2121 Niso

122 2155 148 2175 “
170 2154 320 2210 Digna
342 2153 481 2208 dabis,
506 2152 696 2209 primam
719 2151 858 2194 merui
881 2151 958 2208 qui
980 2151 1109 2193 laude
1133 2164 1349 2204 coronam,
1466 2148 1555 2192 355

123 2226 149 2258 ‘f
169 2225 228 2267 Ni
251 2239 335 2280 me,
355 2239 467 2280 quac
490 2228 534 2266 et
561 2223 745 2278 Salium,
768 2223 942 2265 fortuna
964 2222 1143 2265 inimica
1164 2221 1339 2263 tulisset
1359 2221 1379 2262 P

121 2297 182 2339 Et
206 2297 336 2339 simul
357 2296 426 2339 his
448 2295 581 2338 dictis
602 2295 761 2337 faciem
784 2294 1036 2337 ostentabat
1060 2299 1104 2336 ct
1127 2293 1213 2335 udo

123 2367 289 2424 Turpia
310 2367 510 2409 membra
531 2365 647 2409 fimo.
711 2365 829 2407 Risit
851 2369 977 2421 pater
999 2363 1191 2420 optimus
1213 2361 1300 2416 olli,

121 2439 183 2481 Et
206 2438 396 2495 clipeum
418 2436 556 2480 efferri
576 2436 723 2492 jussit,
750 2434 1041 2491 Didymaonis
1063 2439 1191 2488 artes,

122 2509 324 2566 Neptuni
346 2524 466 2552 sacro
492 2508 657 2551 Danais
680 2508 733 2550 de
755 2512 879 2564 poste
902 2506 1100 2548 rcfixum.
1265 2527 1276 2535 -
1466 2503 1555 2546 360

124 2580 217 2623 Hoc
235 2579 442 2637 juvenem
467 2580 689 2638 egregium
712 2578 955 2636 praestanti
979 2590 1156 2619 munere
1178 2575 1327 2619 donat.
