<?xml version="1.0" encoding="UTF-8"?>
<!DOCTYPE html PUBLIC "-//W3C//DTD XHTML 1.0 Transitional//EN"
    "http://www.w3.org/TR/xhtml1/DTD/xhtml1-transitional.dtd">
<html xmlns="http://www.w3.org/1999/xhtml" xml:lang="en" lang="en">
 <head>
  <title>
</title>
<meta http-equiv="Content-Type" content="text/html;charset=utf-8" />
  <meta name='ocr-system' content='tesseract 3.04.00' />
  <meta name='ocr-capabilities' content='ocr_page ocr_carea ocr_par ocr_line ocrx_word'/>
</head>
<body>
  <div class='ocr_page' id='page_1' title='image "aeneidfri00virguoft_0060.png"; bbox 0 0 1778 2937; ppageno 0'>
   <div class='ocr_carea' id='block_1_1' title="bbox 123 0 157 10">
    <p class='ocr_par' dir='ltr' id='par_1_1' title="bbox 123 0 157 10">
     <span class='ocr_line' id='line_1_1' title="bbox 123 0 157 10; baseline 0 -6"><span class='ocrx_word' id='word_1_1' title='bbox 123 0 157 10; x_wconf 33' lang='grc' dir='ltr'>ἢ</span> 
     </span>
    </p>
   </div>
   <div class='ocr_carea' id='block_1_2' title="bbox 127 142 1060 185">
    <p class='ocr_par' dir='ltr' id='par_1_2' title="bbox 127 142 1060 185">
     <span class='ocr_line' id='line_1_2' title="bbox 127 142 1060 185; baseline -0.005 0"><span class='ocrx_word' id='word_1_2' title='bbox 127 142 186 185; x_wconf 87' lang='grc'>34</span> <span class='ocrx_word' id='word_1_3' title='bbox 543 144 548 149; x_wconf 87' lang='grc'>’</span> <span class='ocrx_word' id='word_1_4' title='bbox 626 150 857 181; x_wconf 76' lang='lat' dir='ltr'>AENEmos</span> <span class='ocrx_word' id='word_1_5' title='bbox 889 150 977 181; x_wconf 66' lang='grc' dir='ltr'>ΜΒ.</span> <span class='ocrx_word' id='word_1_6' title='bbox 1002 150 1060 180; x_wconf 73' lang='lat'>‘11.</span> 
     </span>
    </p>
   </div>
   <div class='ocr_carea' id='block_1_3' title="bbox 112 255 1567 2659">
    <p class='ocr_par' dir='ltr' id='par_1_3' title="bbox 126 255 1560 532">
     <span class='ocr_line' id='line_1_3' title="bbox 126 255 1560 318; baseline -0.004 -13"><span class='ocrx_word' id='word_1_7' title='bbox 126 261 292 305; x_wconf 79' lang='lat' dir='ltr'><strong>Reddit</strong></span> <span class='ocrx_word' id='word_1_8' title='bbox 316 259 685 318; x_wconf 81' lang='lat' dir='ltr'>equus,&#39;laetique</span> <span class='ocrx_word' id='word_1_9' title='bbox 708 273 812 302; x_wconf 86' lang='lat' dir='ltr'>cavo</span> <span class='ocrx_word' id='word_1_10' title='bbox 836 272 879 301; x_wconf 90' lang='lat' dir='ltr'>se</span> <span class='ocrx_word' id='word_1_11' title='bbox 911 258 1057 301; x_wconf 85' lang='lat' dir='ltr'>robore</span> <span class='ocrx_word' id='word_1_12' title='bbox 1080 263 1290 314; x_wconf 87' lang='lat' dir='ltr'>promunt</span> <span class='ocrx_word' id='word_1_13' title='bbox 1471 255 1560 300; x_wconf 83' lang='lat'>260</span> 
     </span>
     <span class='ocr_line' id='line_1_4' title="bbox 128 328 1339 387; baseline -0.005 -11"><span class='ocrx_word' id='word_1_14' title='bbox 128 333 433 376; x_wconf 83' lang='lat' dir='ltr'>Thessandrus</span> <span class='ocrx_word' id='word_1_15' title='bbox 459 331 780 387; x_wconf 79' lang='lat' dir='ltr'>Sthenelusque</span> <span class='ocrx_word' id='word_1_16' title='bbox 803 331 936 373; x_wconf 87' lang='lat' dir='ltr'>duces</span> <span class='ocrx_word' id='word_1_17' title='bbox 958 334 1002 372; x_wconf 91' lang='lat' dir='ltr'>et</span> <span class='ocrx_word' id='word_1_18' title='bbox 1026 329 1145 372; x_wconf 87' lang='lat' dir='ltr'>dirus</span> <span class='ocrx_word' id='word_1_19' title='bbox 1168 328 1339 383; x_wconf 70' lang='lat' dir='ltr'>Ulixes,</span> 
     </span>
     <span class='ocr_line' id='line_1_5' title="bbox 130 400 1379 462; baseline -0.006 -13"><span class='ocrx_word' id='word_1_20' title='bbox 130 405 385 449; x_wconf 85' lang='lat' dir='ltr'>Demissum</span> <span class='ocrx_word' id='word_1_21' title='bbox 406 404 519 462; x_wconf 91' lang='lat' dir='ltr'>lapsi</span> <span class='ocrx_word' id='word_1_22' title='bbox 540 419 616 461; x_wconf 89' lang='lat' dir='ltr'>per</span> <span class='ocrx_word' id='word_1_23' title='bbox 636 402 804 458; x_wconf 86' lang='lat' dir='ltr'>funem,</span> <span class='ocrx_word' id='word_1_24' title='bbox 829 402 1107 457; x_wconf 82' lang='lat' dir='ltr'>Acamasque</span> <span class='ocrx_word' id='word_1_25' title='bbox 1132 400 1379 456; x_wconf 79' lang='lat' dir='ltr'>Thoasque,</span> 
     </span>
     <span class='ocr_line' id='line_1_6' title="bbox 129 471 1276 532; baseline -0.005 -13"><span class='ocrx_word' id='word_1_26' title='bbox 129 476 387 532; x_wconf 86' lang='lat' dir='ltr'>Pelidesque</span> <span class='ocrx_word' id='word_1_27' title='bbox 411 475 742 532; x_wconf 80' lang='lat' dir='ltr'>Neoptolemus,</span> <span class='ocrx_word' id='word_1_28' title='bbox 767 473 1021 530; x_wconf 86' lang='lat' dir='ltr'>primusque</span> <span class='ocrx_word' id='word_1_29' title='bbox 1045 471 1276 526; x_wconf 87' lang='lat' dir='ltr'>Machaon,</span> 
     </span>
    </p>

    <p class='ocr_par' dir='ltr' id='par_1_4' title="bbox 127 543 1183 602">
     <span class='ocr_line' id='line_1_7' title="bbox 127 543 1183 602; baseline -0.005 -12"><span class='ocrx_word' id='word_1_30' title='bbox 127 547 187 590; x_wconf 89' lang='lat' dir='ltr'>Et</span> <span class='ocrx_word' id='word_1_31' title='bbox 209 547 452 602; x_wconf 78' lang='lat' dir='ltr'>Menelaus,</span> <span class='ocrx_word' id='word_1_32' title='bbox 477 551 521 588; x_wconf 89' lang='lat' dir='ltr'>ct</span> <span class='ocrx_word' id='word_1_33' title='bbox 545 545 639 602; x_wconf 91' lang='lat' dir='ltr'>ipse</span> <span class='ocrx_word' id='word_1_34' title='bbox 661 544 751 587; x_wconf 91' lang='lat' dir='ltr'>doli</span> <span class='ocrx_word' id='word_1_35' title='bbox 771 543 1007 587; x_wconf 86' lang='lat' dir='ltr'>fabricator</span> <span class='ocrx_word' id='word_1_36' title='bbox 1028 543 1183 599; x_wconf 86' lang='lat' dir='ltr'>Epeos.</span> 
     </span>
    </p>

    <p class='ocr_par' dir='ltr' id='par_1_5' title="bbox 127 614 1560 744">
     <span class='ocr_line' id='line_1_8' title="bbox 132 614 1560 671; baseline -0.004 -11"><span class='ocrx_word' id='word_1_37' title='bbox 132 618 352 661; x_wconf 84' lang='lat' dir='ltr'>[nvadunt</span> <span class='ocrx_word' id='word_1_38' title='bbox 376 618 531 660; x_wconf 90' lang='lat' dir='ltr'>urbem</span> <span class='ocrx_word' id='word_1_39' title='bbox 563 630 715 659; x_wconf 87' lang='lat' dir='ltr'>somno</span> <span class='ocrx_word' id='word_1_40' title='bbox 737 615 925 671; x_wconf 87' lang='lat' dir='ltr'>vinoque</span> <span class='ocrx_word' id='word_1_41' title='bbox 948 615 1169 670; x_wconf 80' lang='lat' dir='ltr'>sepultam</span> <span class='ocrx_word' id='word_1_42' title='bbox 1188 628 1200 669; x_wconf 89' lang='lat'>;</span> <span class='ocrx_word' id='word_1_43' title='bbox 1472 614 1560 656; x_wconf 76' lang='lat'>265</span> 
     </span>
     <span class='ocr_line' id='line_1_9' title="bbox 127 684 1278 744; baseline -0.005 -12"><span class='ocrx_word' id='word_1_44' title='bbox 127 689 386 733; x_wconf 85' lang='lat' dir='ltr'>Caeduntur</span> <span class='ocrx_word' id='word_1_45' title='bbox 407 687 574 744; x_wconf 83' lang='lat' dir='ltr'>Vigiles,</span> <span class='ocrx_word' id='word_1_46' title='bbox 598 686 823 743; x_wconf 88' lang='lat' dir='ltr'>portisque</span> <span class='ocrx_word' id='word_1_47' title='bbox 844 684 1106 741; x_wconf 88' lang='lat' dir='ltr'>patentibus</span> <span class='ocrx_word' id='word_1_48' title='bbox 1129 699 1278 727; x_wconf 86' lang='lat' dir='ltr'>omnes</span> 
     </span>
    </p>

    <p class='ocr_par' dir='ltr' id='par_1_6' title="bbox 127 754 1306 814">
     <span class='ocr_line' id='line_1_10' title="bbox 127 754 1306 814; baseline -0.003 -12"><span class='ocrx_word' id='word_1_49' title='bbox 127 759 367 814; x_wconf 83' lang='lat' dir='ltr'>Accipiunt</span> <span class='ocrx_word' id='word_1_50' title='bbox 392 758 528 801; x_wconf 85' lang='lat' dir='ltr'>socios</span> <span class='ocrx_word' id='word_1_51' title='bbox 550 761 686 812; x_wconf 88' lang='lat' dir='ltr'>atque</span> <span class='ocrx_word' id='word_1_52' title='bbox 709 755 886 812; x_wconf 81' lang='lat' dir='ltr'>agmina</span> <span class='ocrx_word' id='word_1_53' title='bbox 909 754 1080 797; x_wconf 91' lang='lat' dir='ltr'>conscia</span> <span class='ocrx_word' id='word_1_54' title='bbox 1097 754 1306 811; x_wconf 85' lang='lat' dir='ltr'>jungunt.</span> 
     </span>
    </p>

    <p class='ocr_par' dir='ltr' id='par_1_7' title="bbox 218 825 1402 885">
     <span class='ocr_line' id='line_1_11' title="bbox 218 825 1402 885; baseline -0.002 -14"><span class='ocrx_word' id='word_1_55' title='bbox 218 829 415 885; x_wconf 83' lang='lat' dir='ltr'>Tempus</span> <span class='ocrx_word' id='word_1_56' title='bbox 437 832 543 884; x_wconf 89' lang='lat' dir='ltr'>erat,</span> <span class='ocrx_word' id='word_1_57' title='bbox 567 841 654 883; x_wconf 84' lang='lat' dir='ltr'>quo</span> <span class='ocrx_word' id='word_1_58' title='bbox 671 826 814 884; x_wconf 87' lang='lat' dir='ltr'>prima</span> <span class='ocrx_word' id='word_1_59' title='bbox 837 825 958 882; x_wconf 90' lang='lat' dir='ltr'>quies</span> <span class='ocrx_word' id='word_1_60' title='bbox 981 826 1239 869; x_wconf 86' lang='lat' dir='ltr'>mortalibus</span> <span class='ocrx_word' id='word_1_61' title='bbox 1260 826 1402 883; x_wconf 84' lang='lat' dir='ltr'>aegris</span> 
     </span>
    </p>

    <p class='ocr_par' dir='ltr' id='par_1_8' title="bbox 127 896 1148 956">
     <span class='ocr_line' id='line_1_12' title="bbox 127 896 1148 956; baseline -0.001 -14"><span class='ocrx_word' id='word_1_62' title='bbox 127 899 307 956; x_wconf 79' lang='lat' dir='ltr'>Incipit,</span> <span class='ocrx_word' id='word_1_63' title='bbox 332 904 376 941; x_wconf 90' lang='lat' dir='ltr'>et</span> <span class='ocrx_word' id='word_1_64' title='bbox 398 899 511 942; x_wconf 91' lang='lat' dir='ltr'>dono</span> <span class='ocrx_word' id='word_1_65' title='bbox 532 898 686 940; x_wconf 78' lang='lat' dir='ltr'>divum</span> <span class='ocrx_word' id='word_1_66' title='bbox 707 897 957 954; x_wconf 85' lang='lat' dir='ltr'>gratissima</span> <span class='ocrx_word' id='word_1_67' title='bbox 980 896 1116 953; x_wconf 87' lang='lat' dir='ltr'>serpit</span> <span class='ocrx_word' id='word_1_68' title='bbox 1139 911 1148 941; x_wconf 75' lang='grc' dir='ltr'>ε</span> 
     </span>
    </p>

    <p class='ocr_par' dir='ltr' id='par_1_9' title="bbox 127 965 1562 1096">
     <span class='ocr_line' id='line_1_13' title="bbox 127 965 1562 1027; baseline -0.003 -13"><span class='ocrx_word' id='word_1_69' title='bbox 127 972 182 1014; x_wconf 86' lang='lat' dir='ltr'>In</span> <span class='ocrx_word' id='word_1_70' title='bbox 205 970 382 1027; x_wconf 86' lang='lat' dir='ltr'>somnis,</span> <span class='ocrx_word' id='word_1_71' title='bbox 407 984 520 1025; x_wconf 90' lang='lat' dir='ltr'>ecce,</span> <span class='ocrx_word' id='word_1_72' title='bbox 545 974 648 1012; x_wconf 90' lang='lat' dir='ltr'>ante</span> <span class='ocrx_word' id='word_1_73' title='bbox 671 968 817 1011; x_wconf 87' lang='lat' dir='ltr'>oculos</span> <span class='ocrx_word' id='word_1_74' title='bbox 838 968 1160 1010; x_wconf 87' lang='lat' dir='ltr'>maestissimus</span> <span class='ocrx_word' id='word_1_75' title='bbox 1183 967 1350 1011; x_wconf 90' lang='lat' dir='ltr'>Hector</span> <span class='ocrx_word' id='word_1_76' title='bbox 1472 965 1562 1013; x_wconf 84' lang='lat'>270</span> 
     </span>
     <span class='ocr_line' id='line_1_14' title="bbox 128 1038 1258 1096; baseline -0.003 -11"><span class='ocrx_word' id='word_1_77' title='bbox 128 1043 265 1085; x_wconf 87' lang='lat' dir='ltr'>Visus</span> <span class='ocrx_word' id='word_1_78' title='bbox 287 1042 436 1084; x_wconf 82' lang='lat' dir='ltr'>adesse</span> <span class='ocrx_word' id='word_1_79' title='bbox 458 1040 582 1096; x_wconf 91' lang='lat' dir='ltr'>mihi,</span> <span class='ocrx_word' id='word_1_80' title='bbox 605 1040 835 1096; x_wconf 88' lang='lat' dir='ltr'>largosque</span> <span class='ocrx_word' id='word_1_81' title='bbox 858 1038 1080 1081; x_wconf 85' lang='lat' dir='ltr'>effundere</span> <span class='ocrx_word' id='word_1_82' title='bbox 1111 1038 1258 1094; x_wconf 90' lang='lat' dir='ltr'>fletus,</span> 
     </span>
    </p>

    <p class='ocr_par' dir='ltr' id='par_1_10' title="bbox 129 1111 1250 1170">
     <span class='ocr_line' id='line_1_15' title="bbox 129 1111 1250 1170; baseline -0.003 -14"><span class='ocrx_word' id='word_1_83' title='bbox 129 1114 355 1170; x_wconf 85' lang='lat' dir='ltr'>Raptatus</span> <span class='ocrx_word' id='word_1_84' title='bbox 376 1112 504 1169; x_wconf 86' lang='lat' dir='ltr'>bigis,</span> <span class='ocrx_word' id='word_1_85' title='bbox 527 1116 581 1154; x_wconf 93' lang='lat' dir='ltr'>ut</span> <span class='ocrx_word' id='word_1_86' title='bbox 603 1111 841 1167; x_wconf 90' lang='lat' dir='ltr'>quondam,</span> <span class='ocrx_word' id='word_1_87' title='bbox 867 1115 1046 1166; x_wconf 88' lang='lat' dir='ltr'>aterque</span> <span class='ocrx_word' id='word_1_88' title='bbox 1069 1115 1250 1153; x_wconf 91' lang='lat' dir='ltr'>cruento</span> 
     </span>
    </p>

    <p class='ocr_par' dir='ltr' id='par_1_11' title="bbox 129 1181 1269 1241">
     <span class='ocr_line' id='line_1_16' title="bbox 129 1181 1269 1241; baseline -0.003 -13"><span class='ocrx_word' id='word_1_89' title='bbox 129 1185 328 1240; x_wconf 85' lang='lat' dir='ltr'>Pulvere,</span> <span class='ocrx_word' id='word_1_90' title='bbox 352 1197 514 1241; x_wconf 86' lang='lat' dir='ltr'>perque</span> <span class='ocrx_word' id='word_1_91' title='bbox 536 1183 668 1239; x_wconf 88' lang='lat' dir='ltr'>pedes</span> <span class='ocrx_word' id='word_1_92' title='bbox 690 1182 900 1238; x_wconf 87' lang='lat' dir='ltr'>trajectus</span> <span class='ocrx_word' id='word_1_93' title='bbox 921 1181 1012 1224; x_wconf 87' lang='lat' dir='ltr'>lora</span> <span class='ocrx_word' id='word_1_94' title='bbox 1034 1186 1269 1225; x_wconf 88' lang='lat' dir='ltr'>tumentes.</span> 
     </span>
    </p>

    <p class='ocr_par' dir='ltr' id='par_1_12' title="bbox 129 1252 1331 1312">
     <span class='ocr_line' id='line_1_17' title="bbox 129 1252 1331 1312; baseline -0.003 -14"><span class='ocrx_word' id='word_1_95' title='bbox 129 1256 216 1299; x_wconf 90' lang='lat' dir='ltr'>Hei</span> <span class='ocrx_word' id='word_1_96' title='bbox 238 1256 362 1312; x_wconf 84' lang='lat' dir='ltr'>mihi,</span> <span class='ocrx_word' id='word_1_97' title='bbox 387 1254 527 1312; x_wconf 87' lang='lat' dir='ltr'>qualis</span> <span class='ocrx_word' id='word_1_98' title='bbox 549 1260 643 1297; x_wconf 82' lang='lat' dir='ltr'>erat</span> <span class='ocrx_word' id='word_1_99' title='bbox 665 1258 675 1298; x_wconf 78' lang='lat'>1</span> <span class='ocrx_word' id='word_1_100' title='bbox 712 1258 932 1309; x_wconf 86' lang='lat' dir='ltr'>quantum</span> <span class='ocrx_word' id='word_1_101' title='bbox 953 1258 1157 1295; x_wconf 86' lang='lat' dir='ltr'>mutatus</span> <span class='ocrx_word' id='word_1_102' title='bbox 1179 1253 1234 1295; x_wconf 85' lang='lat' dir='ltr'>ab</span> <span class='ocrx_word' id='word_1_103' title='bbox 1256 1252 1331 1295; x_wconf 89' lang='lat' dir='ltr'>illo</span> 
     </span>
    </p>

    <p class='ocr_par' dir='ltr' id='par_1_13' title="bbox 112 1322 1564 1666">
     <span class='ocr_line' id='line_1_18' title="bbox 130 1322 1564 1383; baseline -0.003 -13"><span class='ocrx_word' id='word_1_104' title='bbox 130 1327 331 1383; x_wconf 87' lang='lat' dir='ltr'>Hectore,</span> <span class='ocrx_word' id='word_1_105' title='bbox 356 1326 432 1383; x_wconf 89' lang='lat' dir='ltr'>qui</span> <span class='ocrx_word' id='word_1_106' title='bbox 449 1325 562 1368; x_wconf 88' lang='lat' dir='ltr'>redit</span> <span class='ocrx_word' id='word_1_107' title='bbox 584 1324 764 1367; x_wconf 79' lang='lat' dir='ltr'>exuvias</span> <span class='ocrx_word' id='word_1_108' title='bbox 785 1324 970 1366; x_wconf 86' lang='lat' dir='ltr'>indutus</span> <span class='ocrx_word' id='word_1_109' title='bbox 992 1323 1171 1379; x_wconf 90' lang='lat' dir='ltr'>Achilli,</span> <span class='ocrx_word' id='word_1_110' title='bbox 1475 1322 1564 1368; x_wconf 83' lang='lat'>275</span> 
     </span>
     <span class='ocr_line' id='line_1_19' title="bbox 131 1394 1349 1453; baseline -0.002 -12"><span class='ocrx_word' id='word_1_111' title='bbox 131 1397 215 1441; x_wconf 90' lang='lat' dir='ltr'>Vel</span> <span class='ocrx_word' id='word_1_112' title='bbox 238 1398 449 1440; x_wconf 82' lang='lat' dir='ltr'>Danaum</span> <span class='ocrx_word' id='word_1_113' title='bbox 470 1396 683 1453; x_wconf 77' lang='lat' dir='ltr'>Phrygios</span> <span class='ocrx_word' id='word_1_114' title='bbox 700 1395 927 1452; x_wconf 85' lang='lat' dir='ltr'>jaculatus</span> <span class='ocrx_word' id='word_1_115' title='bbox 950 1395 1176 1452; x_wconf 87' lang='lat' dir='ltr'>puppibus</span> <span class='ocrx_word' id='word_1_116' title='bbox 1198 1394 1319 1451; x_wconf 87' lang='lat' dir='ltr'>ignes</span> <span class='ocrx_word' id='word_1_117' title='bbox 1340 1398 1349 1439; x_wconf 73' lang='grc' dir='ltr'><strong>Ξ</strong></span> 
     </span>
     <span class='ocr_line' id='line_1_20' title="bbox 131 1465 1348 1525; baseline -0.004 -13"><span class='ocrx_word' id='word_1_118' title='bbox 131 1469 420 1525; x_wconf 82' lang='lat' dir='ltr'>Squalentem</span> <span class='ocrx_word' id='word_1_119' title='bbox 441 1468 625 1510; x_wconf 86' lang='lat' dir='ltr'>barbam</span> <span class='ocrx_word' id='word_1_120' title='bbox 647 1472 692 1509; x_wconf 88' lang='lat' dir='ltr'>et</span> <span class='ocrx_word' id='word_1_121' title='bbox 715 1471 934 1508; x_wconf 87' lang='lat' dir='ltr'>concretos</span> <span class='ocrx_word' id='word_1_122' title='bbox 957 1465 1169 1521; x_wconf 85' lang='lat' dir='ltr'>sanguine</span> <span class='ocrx_word' id='word_1_123' title='bbox 1193 1466 1348 1521; x_wconf 86' lang='lat' dir='ltr'>crines,</span> 
     </span>
     <span class='ocr_line' id='line_1_21' title="bbox 112 1535 1413 1595; baseline -0.003 -13"><span class='ocrx_word' id='word_1_124' title='bbox 112 1539 422 1595; x_wconf 85' lang='lat' dir='ltr'>·Vulneraque</span> <span class='ocrx_word' id='word_1_125' title='bbox 445 1539 522 1580; x_wconf 89' lang='lat' dir='ltr'>illa</span> <span class='ocrx_word' id='word_1_126' title='bbox 544 1552 710 1594; x_wconf 88' lang='lat' dir='ltr'>gerens,</span> <span class='ocrx_word' id='word_1_127' title='bbox 735 1551 848 1592; x_wconf 88' lang='lat' dir='ltr'>quae</span> <span class='ocrx_word' id='word_1_128' title='bbox 870 1535 1035 1578; x_wconf 85' lang='lat' dir='ltr'>circum</span> <span class='ocrx_word' id='word_1_129' title='bbox 1053 1536 1243 1592; x_wconf 89' lang='lat' dir='ltr'>plurima</span> <span class='ocrx_word' id='word_1_130' title='bbox 1263 1550 1413 1578; x_wconf 89' lang='lat' dir='ltr'>muros</span> 
     </span>
     <span class='ocr_line' id='line_1_22' title="bbox 136 1602 1173 1666; baseline -0.004 -14"><span class='ocrx_word' id='word_1_131' title='bbox 136 1610 324 1666; x_wconf 84' lang='lat' dir='ltr'>Accepit</span> <span class='ocrx_word' id='word_1_132' title='bbox 347 1602 524 1666; x_wconf 86' lang='lat' dir='ltr'>patrios.</span> <span class='ocrx_word' id='word_1_133' title='bbox 590 1608 724 1651; x_wconf 90' lang='lat' dir='ltr'>Ultro</span> <span class='ocrx_word' id='word_1_134' title='bbox 746 1607 855 1650; x_wconf 89' lang='lat' dir='ltr'>fiens</span> <span class='ocrx_word' id='word_1_135' title='bbox 878 1607 970 1662; x_wconf 86' lang='lat' dir='ltr'>ipse</span> <span class='ocrx_word' id='word_1_136' title='bbox 994 1607 1173 1649; x_wconf 85' lang='lat' dir='ltr'>videbar</span> 
     </span>
    </p>

    <p class='ocr_par' dir='ltr' id='par_1_14' title="bbox 132 1679 1566 1806">
     <span class='ocr_line' id='line_1_23' title="bbox 139 1679 1566 1738; baseline -0.002 -14"><span class='ocrx_word' id='word_1_137' title='bbox 139 1681 411 1738; x_wconf 82' lang='lat' dir='ltr'>Compellare</span> <span class='ocrx_word' id='word_1_138' title='bbox 433 1680 577 1722; x_wconf 84' lang='lat' dir='ltr'>virum</span> <span class='ocrx_word' id='word_1_139' title='bbox 601 1684 646 1721; x_wconf 88' lang='lat' dir='ltr'>et</span> <span class='ocrx_word' id='word_1_140' title='bbox 669 1684 860 1721; x_wconf 87' lang='lat' dir='ltr'>maestas</span> <span class='ocrx_word' id='word_1_141' title='bbox 884 1691 1136 1734; x_wconf 84' lang='lat' dir='ltr'>expromere</span> <span class='ocrx_word' id='word_1_142' title='bbox 1158 1692 1282 1721; x_wconf 91' lang='lat' dir='ltr'>voces</span> <span class='ocrx_word' id='word_1_143' title='bbox 1301 1692 1310 1721; x_wconf 92' lang='lat'><strong>:</strong></span> <span class='ocrx_word' id='word_1_144' title='bbox 1476 1679 1566 1721; x_wconf 83' lang='lat'>280</span> 
     </span>
     <span class='ocr_line' id='line_1_24' title="bbox 132 1749 1269 1806; baseline -0.004 -11"><span class='ocrx_word' id='word_1_145' title='bbox 132 1752 158 1773; x_wconf 86' lang='lat'>“</span> <span class='ocrx_word' id='word_1_146' title='bbox 180 1752 217 1796; x_wconf 92' lang='lat' dir='ltr'>O</span> <span class='ocrx_word' id='word_1_147' title='bbox 242 1753 322 1794; x_wconf 77' lang='lat' dir='ltr'>lux</span> <span class='ocrx_word' id='word_1_148' title='bbox 346 1751 611 1806; x_wconf 88' lang='lat' dir='ltr'>Dardaniae,</span> <span class='ocrx_word' id='word_1_149' title='bbox 631 1765 728 1806; x_wconf 88' lang='lat' dir='ltr'>spcs</span> <span class='ocrx_word' id='word_1_150' title='bbox 752 1765 776 1792; x_wconf 96' lang='lat' dir='ltr'>o</span> <span class='ocrx_word' id='word_1_151' title='bbox 798 1749 1012 1792; x_wconf 86' lang='lat' dir='ltr'>fidissima</span> <span class='ocrx_word' id='word_1_152' title='bbox 1035 1749 1269 1805; x_wconf 81' lang='lat' dir='ltr'>Teucrum,</span> 
     </span>
    </p>

    <p class='ocr_par' dir='ltr' id='par_1_15' title="bbox 133 1819 1463 1876">
     <span class='ocr_line' id='line_1_25' title="bbox 133 1819 1463 1876; baseline -0.002 -11"><span class='ocrx_word' id='word_1_153' title='bbox 133 1823 160 1844; x_wconf 70' lang='lat'>‘⁶</span> <span class='ocrx_word' id='word_1_154' title='bbox 181 1824 303 1876; x_wconf 83' lang='lat' dir='ltr'>Quae</span> <span class='ocrx_word' id='word_1_155' title='bbox 327 1827 481 1864; x_wconf 85' lang='lat' dir='ltr'>tantae</span> <span class='ocrx_word' id='word_1_156' title='bbox 505 1827 684 1863; x_wconf 90' lang='lat' dir='ltr'>tenuere</span> <span class='ocrx_word' id='word_1_157' title='bbox 706 1835 851 1863; x_wconf 89' lang='lat' dir='ltr'>morae</span> <span class='ocrx_word' id='word_1_158' title='bbox 871 1821 893 1864; x_wconf 84' lang='lat'><em>?</em></span> <span class='ocrx_word' id='word_1_159' title='bbox 929 1819 1088 1876; x_wconf 89' lang='lat' dir='ltr'>quibus</span> <span class='ocrx_word' id='word_1_160' title='bbox 1111 1819 1279 1862; x_wconf 87' lang='lat' dir='ltr'>Hector</span> <span class='ocrx_word' id='word_1_161' title='bbox 1299 1820 1354 1863; x_wconf 89' lang='lat' dir='ltr'>ab</span> <span class='ocrx_word' id='word_1_162' title='bbox 1377 1820 1463 1864; x_wconf 89' lang='lat' dir='ltr'>oris</span> 
     </span>
    </p>

    <p class='ocr_par' dir='ltr' id='par_1_16' title="bbox 133 1891 1291 1950">
     <span class='ocr_line' id='line_1_26' title="bbox 133 1891 1291 1950; baseline -0.004 -13"><span class='ocrx_word' id='word_1_163' title='bbox 133 1895 162 1916; x_wconf 87' lang='lat'><strong>“</strong></span> <span class='ocrx_word' id='word_1_164' title='bbox 182 1895 454 1950; x_wconf 82' lang='lat' dir='ltr'>Exspectate</span> <span class='ocrx_word' id='word_1_165' title='bbox 476 1892 597 1934; x_wconf 84' lang='lat' dir='ltr'>venis</span> <span class='ocrx_word' id='word_1_166' title='bbox 617 1893 637 1935; x_wconf 78' lang='grc' dir='ltr'><em>Ρ</em></span> <span class='ocrx_word' id='word_1_167' title='bbox 673 1897 725 1934; x_wconf 86' lang='lat' dir='ltr'>ut</span> <span class='ocrx_word' id='word_1_168' title='bbox 749 1897 793 1934; x_wconf 87' lang='lat' dir='ltr'>te</span> <span class='ocrx_word' id='word_1_169' title='bbox 815 1897 914 1947; x_wconf 90' lang='lat' dir='ltr'>post</span> <span class='ocrx_word' id='word_1_170' title='bbox 932 1891 1077 1933; x_wconf 89' lang='lat' dir='ltr'>multa</span> <span class='ocrx_word' id='word_1_171' title='bbox 1109 1895 1291 1933; x_wconf 86' lang='lat' dir='ltr'>tuorum</span> 
     </span>
    </p>

    <p class='ocr_par' dir='ltr' id='par_1_17' title="bbox 134 1961 1412 2020">
     <span class='ocr_line' id='line_1_27' title="bbox 134 1961 1412 2020; baseline -0.003 -12"><span class='ocrx_word' id='word_1_172' title='bbox 134 1965 161 1987; x_wconf 81' lang='lat'><strong>“</strong></span> <span class='ocrx_word' id='word_1_173' title='bbox 182 1965 375 2019; x_wconf 86' lang='lat' dir='ltr'>Funera,</span> <span class='ocrx_word' id='word_1_174' title='bbox 395 1968 494 2020; x_wconf 89' lang='lat' dir='ltr'>post</span> <span class='ocrx_word' id='word_1_175' title='bbox 518 1962 658 2005; x_wconf 87' lang='lat' dir='ltr'>varios</span> <span class='ocrx_word' id='word_1_176' title='bbox 680 1961 997 2018; x_wconf 88' lang='lat' dir='ltr'>hominumque</span> <span class='ocrx_word' id='word_1_177' title='bbox 1019 1961 1225 2017; x_wconf 87' lang='lat' dir='ltr'>urbisque</span> <span class='ocrx_word' id='word_1_178' title='bbox 1245 1961 1412 2004; x_wconf 88' lang='lat' dir='ltr'>labores</span> 
     </span>
    </p>

    <p class='ocr_par' dir='ltr' id='par_1_18' title="bbox 135 2032 1566 2162">
     <span class='ocr_line' id='line_1_28' title="bbox 135 2032 1566 2091; baseline -0.001 -12"><span class='ocrx_word' id='word_1_179' title='bbox 135 2036 161 2058; x_wconf 82' lang='lat'><strong>“</strong></span> <span class='ocrx_word' id='word_1_180' title='bbox 182 2035 356 2079; x_wconf 85' lang='lat' dir='ltr'>Defessi</span> <span class='ocrx_word' id='word_1_181' title='bbox 378 2034 647 2091; x_wconf 85' lang='lat' dir='ltr'>adspicimus</span> <span class='ocrx_word' id='word_1_182' title='bbox 669 2035 690 2077; x_wconf 77' lang='grc' dir='ltr'><em>Ρ</em></span> <span class='ocrx_word' id='word_1_183' title='bbox 726 2047 839 2090; x_wconf 88' lang='lat' dir='ltr'>quae</span> <span class='ocrx_word' id='word_1_184' title='bbox 862 2047 1015 2076; x_wconf 89' lang='lat' dir='ltr'>caussa</span> <span class='ocrx_word' id='word_1_185' title='bbox 1036 2032 1219 2089; x_wconf 87' lang='lat' dir='ltr'>indigna</span> <span class='ocrx_word' id='word_1_186' title='bbox 1242 2047 1411 2076; x_wconf 86' lang='lat' dir='ltr'>serenos</span> <span class='ocrx_word' id='word_1_187' title='bbox 1479 2033 1566 2077; x_wconf 81' lang='lat'>285</span> 
     </span>
     <span class='ocr_line' id='line_1_29' title="bbox 135 2105 1344 2162; baseline -0.001 -12"><span class='ocrx_word' id='word_1_188' title='bbox 135 2108 164 2129; x_wconf 83' lang='lat'><strong>“</strong></span> <span class='ocrx_word' id='word_1_189' title='bbox 183 2106 398 2150; x_wconf 86' lang='lat' dir='ltr'>Foedavit</span> <span class='ocrx_word' id='word_1_190' title='bbox 415 2106 584 2162; x_wconf 87' lang='lat' dir='ltr'>vultus,</span> <span class='ocrx_word' id='word_1_191' title='bbox 610 2110 690 2148; x_wconf 87' lang='lat' dir='ltr'>aut</span> <span class='ocrx_word' id='word_1_192' title='bbox 714 2120 791 2148; x_wconf 88' lang='lat' dir='ltr'>cur</span> <span class='ocrx_word' id='word_1_193' title='bbox 811 2105 917 2148; x_wconf 88' lang='lat' dir='ltr'>hacc</span> <span class='ocrx_word' id='word_1_194' title='bbox 940 2105 1121 2147; x_wconf 87' lang='lat' dir='ltr'>vulnera</span> <span class='ocrx_word' id='word_1_195' title='bbox 1143 2119 1270 2148; x_wconf 87' lang='lat' dir='ltr'>cerno</span> <span class='ocrx_word' id='word_1_196' title='bbox 1293 2106 1344 2149; x_wconf 82' lang='lat'>?’&#39;</span> 
     </span>
    </p>

    <p class='ocr_par' dir='ltr' id='par_1_19' title="bbox 136 2176 1234 2232">
     <span class='ocr_line' id='line_1_30' title="bbox 136 2176 1234 2232; baseline -0.004 -11"><span class='ocrx_word' id='word_1_197' title='bbox 136 2179 218 2221; x_wconf 83' lang='lat' dir='ltr'>Ille</span> <span class='ocrx_word' id='word_1_198' title='bbox 242 2176 366 2232; x_wconf 91' lang='lat' dir='ltr'>nihil,</span> <span class='ocrx_word' id='word_1_199' title='bbox 391 2191 469 2219; x_wconf 89' lang='lat' dir='ltr'>nec</span> <span class='ocrx_word' id='word_1_200' title='bbox 488 2191 557 2218; x_wconf 85' lang='grc'>1110</span> <span class='ocrx_word' id='word_1_201' title='bbox 579 2181 865 2232; x_wconf 87' lang='lat' dir='ltr'>quaerentem</span> <span class='ocrx_word' id='word_1_202' title='bbox 887 2190 1000 2217; x_wconf 83' lang='lat' dir='ltr'>vana</span> <span class='ocrx_word' id='word_1_203' title='bbox 1022 2180 1234 2231; x_wconf 87' lang='lat' dir='ltr'>moratur,</span> 
     </span>
    </p>

    <p class='ocr_par' dir='ltr' id='par_1_20' title="bbox 138 2247 1235 2306">
     <span class='ocr_line' id='line_1_31' title="bbox 138 2247 1235 2306; baseline -0.002 -14"><span class='ocrx_word' id='word_1_204' title='bbox 138 2249 223 2293; x_wconf 75' lang='lat' dir='ltr'>Sed</span> <span class='ocrx_word' id='word_1_205' title='bbox 246 2248 436 2306; x_wconf 88' lang='lat' dir='ltr'>graviter</span> <span class='ocrx_word' id='word_1_206' title='bbox 456 2247 650 2304; x_wconf 85' lang='lat' dir='ltr'>gemitus</span> <span class='ocrx_word' id='word_1_207' title='bbox 672 2247 760 2289; x_wconf 90' lang='lat' dir='ltr'>imo</span> <span class='ocrx_word' id='word_1_208' title='bbox 782 2247 836 2289; x_wconf 88' lang='lat' dir='ltr'>de</span> <span class='ocrx_word' id='word_1_209' title='bbox 858 2252 1034 2303; x_wconf 88' lang='lat' dir='ltr'>pectore</span> <span class='ocrx_word' id='word_1_210' title='bbox 1057 2248 1235 2303; x_wconf 89' lang='lat' dir='ltr'>ducens,</span> 
     </span>
    </p>

    <p class='ocr_par' dir='ltr' id='par_1_21' title="bbox 117 2318 1567 2520">
     <span class='ocr_line' id='line_1_32' title="bbox 138 2318 1446 2377; baseline -0.001 -14"><span class='ocrx_word' id='word_1_211' title='bbox 138 2321 164 2342; x_wconf 86' lang='lat'>“</span> <span class='ocrx_word' id='word_1_212' title='bbox 184 2320 287 2363; x_wconf 90' lang='lat' dir='ltr'>Heu</span> <span class='ocrx_word' id='word_1_213' title='bbox 308 2320 425 2377; x_wconf 80' lang='lat' dir='ltr'>fuge,</span> <span class='ocrx_word' id='word_1_214' title='bbox 450 2325 554 2362; x_wconf 86' lang='lat' dir='ltr'>nate</span> <span class='ocrx_word' id='word_1_215' title='bbox 576 2319 670 2375; x_wconf 80' lang='lat' dir='ltr'>dea,</span> <span class='ocrx_word' id='word_1_216' title='bbox 695 2324 827 2375; x_wconf 85' lang='lat' dir='ltr'>teque</span> <span class='ocrx_word' id='word_1_217' title='bbox 850 2318 953 2361; x_wconf 88' lang='lat' dir='ltr'>his’&#39;</span> <span class='ocrx_word' id='word_1_218' title='bbox 976 2319 1039 2361; x_wconf 90' lang='lat' dir='ltr'>ait</span> <span class='ocrx_word' id='word_1_219' title='bbox 1064 2318 1222 2375; x_wconf 84' lang='lat' dir='ltr'>“eripe</span> <span class='ocrx_word' id='word_1_220' title='bbox 1245 2318 1446 2362; x_wconf 87' lang='lat' dir='ltr'>flammis.</span> 
     </span>
     <span class='ocr_line' id='line_1_33' title="bbox 117 2381 1567 2446; baseline -0.002 -12"><span class='ocrx_word' id='word_1_221' title='bbox 117 2381 164 2412; x_wconf 57' lang='lat'>&#39;“</span> <span class='ocrx_word' id='word_1_222' title='bbox 186 2391 337 2434; x_wconf 82' lang='lat' dir='ltr'>Hostis</span> <span class='ocrx_word' id='word_1_223' title='bbox 360 2391 492 2434; x_wconf 87' lang='lat' dir='ltr'>habet</span> <span class='ocrx_word' id='word_1_224' title='bbox 515 2404 689 2444; x_wconf 80' lang='lat' dir='ltr'>muros3</span> <span class='ocrx_word' id='word_1_225' title='bbox 724 2390 812 2432; x_wconf 90' lang='lat' dir='ltr'>ruit</span> <span class='ocrx_word' id='word_1_226' title='bbox 835 2390 926 2431; x_wconf 87' lang='lat' dir='ltr'>alta</span> <span class='ocrx_word' id='word_1_227' title='bbox 948 2404 973 2431; x_wconf 85' lang='lat' dir='ltr'>a</span> <span class='ocrx_word' id='word_1_228' title='bbox 996 2389 1188 2432; x_wconf 85' lang='lat' dir='ltr'>culmine</span> <span class='ocrx_word' id='word_1_229' title='bbox 1212 2389 1353 2446; x_wconf 83' lang='lat' dir='ltr'>Troja.</span> <span class='ocrx_word' id='word_1_230' title='bbox 1480 2390 1567 2433; x_wconf 77' lang='lat'>290</span> 
     </span>
     <span class='ocr_line' id='line_1_34' title="bbox 139 2460 1466 2520; baseline -0.003 -14"><span class='ocrx_word' id='word_1_231' title='bbox 139 2464 162 2484; x_wconf 73' lang='lat'>‘²</span> <span class='ocrx_word' id='word_1_232' title='bbox 185 2464 263 2506; x_wconf 75' lang='lat' dir='ltr'>Sat</span> <span class='ocrx_word' id='word_1_233' title='bbox 286 2463 453 2520; x_wconf 88' lang='lat' dir='ltr'>patriae</span> <span class='ocrx_word' id='word_1_234' title='bbox 477 2463 740 2518; x_wconf 84' lang='lat' dir='ltr'>Priamoque</span> <span class='ocrx_word' id='word_1_235' title='bbox 763 2461 930 2504; x_wconf 86' lang='lat' dir='ltr'>datum.</span> <span class='ocrx_word' id='word_1_236' title='bbox 999 2461 1045 2504; x_wconf 78' lang='lat' dir='ltr'>Si</span> <span class='ocrx_word' id='word_1_237' title='bbox 1070 2460 1286 2517; x_wconf 78' lang='lat' dir='ltr'>Pergama</span> <span class='ocrx_word' id='word_1_238' title='bbox 1308 2461 1466 2503; x_wconf 78' lang='lat' dir='ltr'>dext-ra</span> 
     </span>
    </p>

    <p class='ocr_par' dir='ltr' id='par_1_22' title="bbox 139 2531 1265 2591">
     <span class='ocr_line' id='line_1_35' title="bbox 139 2531 1265 2591; baseline -0.003 -15"><span class='ocrx_word' id='word_1_239' title='bbox 139 2535 163 2555; x_wconf 72' lang='lat'>‘⁵</span> <span class='ocrx_word' id='word_1_240' title='bbox 183 2535 371 2578; x_wconf 81' lang='lat' dir='ltr'>Dcfendi</span> <span class='ocrx_word' id='word_1_241' title='bbox 393 2541 582 2591; x_wconf 69' lang='lat' dir='ltr'>possent,</span> <span class='ocrx_word' id='word_1_242' title='bbox 609 2534 743 2576; x_wconf 87' lang='lat' dir='ltr'>ctiam</span> <span class='ocrx_word' id='word_1_243' title='bbox 764 2532 846 2575; x_wconf 88' lang='lat' dir='ltr'>hac</span> <span class='ocrx_word' id='word_1_244' title='bbox 870 2532 1046 2575; x_wconf 77' lang='lat' dir='ltr'>defensa</span> <span class='ocrx_word' id='word_1_245' title='bbox 1068 2531 1265 2574; x_wconf 77' lang='lat' dir='ltr'>fuissent.</span> 
     </span>
    </p>

    <p class='ocr_par' dir='ltr' id='par_1_23' title="bbox 140 2602 1325 2659">
     <span class='ocr_line' id='line_1_36' title="bbox 140 2602 1325 2659; baseline -0.003 -10"><span class='ocrx_word' id='word_1_246' title='bbox 140 2605 165 2625; x_wconf 80' lang='grc'>“</span> <span class='ocrx_word' id='word_1_247' title='bbox 185 2606 315 2649; x_wconf 73' lang='lat' dir='ltr'>Sacra</span> <span class='ocrx_word' id='word_1_248' title='bbox 338 2621 522 2659; x_wconf 58' lang='lat' dir='ltr'>suosque</span> <span class='ocrx_word' id='word_1_249' title='bbox 550 2605 625 2646; x_wconf 71' lang='lat' dir='ltr'>tibi</span> <span class='ocrx_word' id='word_1_250' title='bbox 651 2604 927 2645; x_wconf 61' lang='lat' dir='ltr'>‹mmnondat</span> <span class='ocrx_word' id='word_1_251' title='bbox 953 2602 1080 2657; x_wconf 62' lang='lat' dir='ltr'>&#39;Proin</span> <span class='ocrx_word' id='word_1_252' title='bbox 1106 2603 1325 2646; x_wconf 80' lang='lat' dir='ltr'>Penates:</span> 
     </span>
    </p>
   </div>
  </div>
 </body>
</html>
