1757 2916
180 148 263 191 182
644 159 874 190 AENElDos
906 159 992 189 ΜΒ.
1028 158 1125 189 vm.

179 267 206 289 “
227 268 345 310 Tum
370 282 526 310 manus
549 267 750 310 Ausonia
773 272 817 309 et
839 271 993 322 gentes
1016 280 1167 308 venere
1193 264 1395 319 Sicanae,

179 337 206 359 “
227 338 409 395 Saepius
433 344 478 380 et
501 353 660 380 nomen
683 337 828 394 posuit
853 336 1063 380 Saturnia
1084 336 1218 378 tellus
1236 350 1245 389 ;

179 409 205 430 ‘⁶
226 410 343 451 Tum
366 424 499 466 reges,
524 423 736 465 asperque
758 407 942 450 immani
964 421 1137 463 corpore
1161 406 1364 462 Thybris,
1520 405 1607 448 330

179 481 206 501 ‘⁴
222 480 265 522 A
288 495 372 536 quo
394 485 492 537 post
515 480 620 522 Itali
641 478 827 521 fluvium
850 478 1105 534 cognomine
1130 478 1343 533 Thybrim

180 552 206 572 ‘⁶
227 552 461 594 Diximus:
496 540 644 592 amisit
666 564 818 591 verum
840 554 966 591 vetus
989 549 1155 591 Albula
1177 564 1349 593 nomen.

179 623 205 643 ‘⁴
227 623 299 665 Me
323 622 501 678 pulsum
524 621 668 677 patria
690 620 918 676 pelagique
943 625 1140 662 extrema
1163 625 1421 675 sequentem

179 693 205 714 ‘⁴
224 693 423 734 Fortuna
446 691 720 747 omnipotens
743 696 787 732 et
810 690 1092 732 ineluctabile
1114 691 1259 733 fatum

180 764 205 783 ‘4
226 763 307 805 His
331 776 510 819 posuere
532 761 651 817 loeis,
677 761 916 817 matrisque
939 775 1061 818 egere
1085 762 1314 803 tremenda
1516 762 1604 805 335

179 836 206 855 ‘⁶
228 834 476 878 Carmentis
498 833 719 890 nymphae
741 833 910 875 monita
933 838 977 875 et
998 833 1104 875 deus
1128 839 1282 875 auctor
1303 833 1506 890 Apollo.”

150 898 163 906 ⁴
179 905 270 947 Vix
293 920 343 947 ea
365 905 511 959 dicta;
546 905 704 947 dehine
727 918 990 961 progressus,
1014 909 1231 947 monstrat
1255 910 1300 947 et
1323 919 1458 960 aram,

178 977 239 1020 Et
264 977 588 1020 Carmentalem
611 976 799 1018 Romani
821 975 995 1018 nomine
1017 980 1191 1031 portam
1230 1015 1234 1020 .

180 1047 324 1100 Quam
348 1052 613 1101 memorant,
638 1047 860 1103 nymphae
883 1046 1075 1102 priscum
1100 1046 1346 1089 Carmentis
1368 1046 1588 1102 honorem,

181 1118 310 1160 Vatis
333 1118 551 1173 fatidicae,
577 1117 735 1160 cecinit
758 1131 871 1173 quae
893 1117 1036 1173 prima
1056 1117 1229 1159 futuros
1523 1117 1611 1159 340

181 1189 411 1232 Aeneadas
433 1204 614 1246 magnos
637 1194 681 1231 et
705 1188 848 1231 nobile
871 1188 1166 1231 Pallanteum.
1439 1176 1443 1179 ”

181 1259 299 1303 Hinc
323 1260 476 1303 lucum
497 1260 734 1315 ingentem,
760 1274 892 1315 quem
916 1258 1130 1301 Romulus
1153 1273 1250 1300 acer
1271 1257 1461 1314 Asylum

181 1331 372 1387 Retulit,
397 1337 441 1374 et
466 1332 609 1388 gelida
630 1336 848 1373 monstrat
872 1331 952 1373 sub
976 1345 1082 1386 rupe
1107 1330 1335 1386 Lupercal,

182 1402 412 1449 Parrhasio
435 1403 605 1445 dietum
629 1402 771 1444 Panos
793 1402 846 1444 de
864 1416 980 1443 more
1004 1401 1165 1456 Lycaei
1185 1415 1196 1454 ;

181 1472 273 1515 Nee
297 1488 383 1515 non
405 1478 449 1515 et
472 1473 580 1515 sacri
602 1476 816 1514 monstrat
839 1485 992 1514 nemus
1015 1471 1218 1527 Argileti,
1522 1471 1611 1515 345

183 1543 478 1598 Testaturque
501 1543 645 1585 locum
669 1547 713 1585 et
736 1542 878 1584 letum
900 1541 1026 1584 docet
1048 1540 1236 1597 hospitis
1258 1540 1381 1598 Argi.
1437 1546 1441 1550 '

181 1613 299 1656 Hinc
324 1615 379 1656 ad
404 1614 639 1670 Tarpeiam
662 1613 808 1656 sedem
829 1617 873 1655 et
899 1611 1118 1668 Capitolia
1139 1612 1277 1667 ducit,

181 1684 329 1726 Aurea
354 1699 485 1739 nune,
510 1684 613 1726 olim
636 1683 907 1726 silvestribus
928 1682 1103 1726 horrida
1125 1682 1281 1726 dumis.

181 1755 210 1798 J
215 1770 287 1797 am
312 1761 411 1798 tum
433 1755 583 1812 religio
607 1755 786 1811 pavidos
808 1755 1001 1797 terrebat
1025 1759 1217 1809 agrestes

184 1827 292 1869 Dira
313 1827 421 1881 loci;
450 1826 545 1882 jam
567 1831 668 1868 tum
691 1826 846 1868 silvam
870 1838 1112 1880 saxumque
1134 1824 1394 1867 tremebant.
1521 1824 1609 1867 350

184 1897 211 1917 “
233 1897 327 1939 Hoc
350 1911 520 1950 nemus,
544 1896 663 1939 hunc
680 1898 705 1915 '²
728 1895 874 1951 inquit
900 1895 1145 1937 “frondoso
1166 1894 1329 1937 vertice
1352 1895 1520 1950 collem,

185 1967 211 1987 ‘⁶
229 1966 338 2020 Quis
360 1967 480 2021 deus,
504 1966 723 2008 incertum
746 1970 827 2020 est,
852 1965 1027 2007 habitat
1049 1965 1167 2007 deus.
1232 1964 1425 2007 Arcades
1447 1964 1595 2021 ipsum

185 2037 211 2057 “
232 2037 430 2080 Credunt
455 2051 498 2079 se
522 2036 677 2079 vidisse
699 2035 731 2078 J
734 2049 873 2091 ovem,
898 2049 1035 2091 quum
1059 2049 1188 2091 saepe
1210 2035 1462 2092 nigrantem

185 2110 212 2130 “
231 2108 404 2165 Aegida
427 2112 680 2151 concuteret
703 2108 875 2161 dextra,
899 2107 1156 2163 nimbosque
1178 2107 1321 2150 cieret.

186 2179 211 2200 “
232 2179 353 2222 Hace
377 2180 463 2222 duo
485 2184 711 2236 praeterea
732 2178 925 2235 disjectis
946 2178 1108 2235 oppida
1131 2177 1280 2234 muris,
1527 2179 1615 2222 355

186 2251 212 2273 “
233 2250 458 2307 Reliquias
481 2255 766 2306 veterumque
788 2250 910 2293 vides
932 2254 1220 2292 monumenta
1241 2249 1453 2293 virorum:

186 2321 213 2343 ‘⁶
232 2321 361 2365 Hanc
383 2322 414 2365 J
419 2336 528 2364 anus
549 2326 687 2378 pater,
712 2321 823 2363 hane
849 2321 1065 2364 Saturnus
1087 2320 1283 2363 condidit
1305 2333 1447 2362 arcem
1464 2333 1475 2374 ;

187 2392 213 2414 “
230 2392 488 2435 ‹Ianiculum
510 2392 628 2448 huic,
653 2392 719 2434 illi
740 2392 885 2434 fuerat
911 2391 1117 2436 Saturnia
1139 2393 1338 2434 nomen.''

187 2464 370 2506 Talibus
392 2464 507 2506 inter
529 2478 572 2506 se
594 2463 723 2506 dictis
746 2463 802 2504 ad
827 2467 944 2505 tecta
968 2463 1175 2505 subibant

188 2534 401 2591 Pauperis
423 2534 633 2589 Evandri,
658 2534 907 2590 passimque
931 2540 1130 2575 armenta
1150 2533 1361 2575 videbant
1531 2532 1618 2575 360
1666 2584 1676 2590 ᾖ

212 2606 478 2662 {omanoque
501 2605 613 2648 Foro
636 2611 679 2647 et
701 2604 836 2647 lautis
860 2604 1024 2660 mugire
1048 2603 1227 2646 Carinis.
