1757 2916
71 187 76 192 ἱ
136 134 223 177 296
620 146 849 176 AENEmos
883 146 969 177 Lm.
1005 145 1087 176 ΧΠ.

138 255 287 308 Quum
308 254 457 298 fremit
478 255 665 310 ilicibus,
691 260 901 311 quantus,
926 255 1179 311 gaudetque
1202 254 1340 297 nivali

138 326 315 370 Vertice
339 342 381 370 se
404 327 613 370 attollens
636 332 763 383 pater
784 326 1082 382 Appenninus
1105 326 1163 368 ad.
1186 340 1327 369 auras.

139 400 245 443 Jam
269 415 366 443 vero
390 406 435 442 et
459 399 618 441 Rutuli
641 398 847 440 certatim
870 402 914 439 et
940 397 1074 440 Troes
1097 403 1142 440 et
1165 387 1313 440 omnes

140 472 402 516 Convertere
427 472 569 514 oculos
593 470 713 524 Itali,
739 469 902 524 quique
925 468 1017 511 alta
1039 469 1253 511 tenebant
1487 465 1574 511 705

140 543 314 586 Moenia
336 543 497 598 quique
520 542 629 583 imos
653 540 892 596 pulsabant
914 539 1053 582 ariete
1077 554 1240 594 muros,

140 615 365 669 Armaque
388 613 622 668 deposuere
644 610 848 654 humeris.
916 609 1078 665 Stupet
1100 609 1195 666 ipse
1218 609 1422 664 Latinus,

142 685 362 742 Ingentes,
387 683 556 741 genitos
578 682 758 726 diversis
781 676 981 738 partibus
1004 681 1132 736 orbis,

141 758 264 800 Inter
286 772 329 799 se
352 756 503 799 coiisse
525 755 637 798 viros
659 760 704 798 et
726 769 898 798 cernere
919 754 1041 797 ferro.

141 829 292 885 Atque
315 828 393 883 illi,
416 832 469 870 ut
492 841 630 869 vacuo
652 830 894 883 patuerunt
916 839 1102 881 aequore
1125 823 1285 881 campi,
1491 820 1580 866 '710

141 903 359 945 Procursu
381 899 547 955 rapido,
572 898 782 954 conjectis
805 897 979 940 eminus
1000 897 1156 952 hastis,

142 973 370 1016 Invadunt
393 971 583 1014 Martem
605 970 755 1027 clipeis
778 974 914 1026 atque
936 983 1034 1011 aere
1057 982 1209 1011 sonoro
1224 993 1242 999 -

144 1045 236 1088 Dat
259 1043 479 1101 gemitum
500 1042 687 1096 tellus-3
721 1046 822 1084 tum
845 1041 1012 1083 crebros
1034 1040 1210 1083 ensibus
1233 1038 1350 1081 ictus

145 1115 492 1172 Congeminant:
526 1113 611 1156 fors
633 1118 678 1155 et
701 1113 841 1155 virtus
863 1111 1105 1154 miscentur
1126 1111 1172 1153 in
1195 1124 1346 1153 unum.

144 1187 212 1230 Ac
233 1187 355 1229 velut
376 1184 548 1242 ingenti
572 1184 662 1227 Sila
685 1197 907 1226 summove
932 1182 1142 1224 Taburno
1493 1177 1582 1223 715

146 1258 296 1312 Quum
319 1257 406 1299 duo
428 1255 642 1299 conversis
663 1253 844 1296 inimica
865 1253 912 1296 in
934 1253 1095 1310 proelia
1118 1252 1237 1294 tauri

146 1329 385 1372 Frontibus
407 1328 652 1382 incurrunt,
677 1325 831 1382 pavidi
853 1339 1014 1368 cessere
1036 1323 1252 1380 magistri,

149 1400 250 1444 Stat
273 1413 406 1456 pecus
428 1412 555 1441 omne
578 1402 704 1439 metu
725 1401 905 1438 mutum
926 1400 1216 1449 mussantque
1233 1393 1462 1449 juvencae,

148 1471 255 1525 Quis
277 1469 443 1512 nemori
465 1467 706 1524 imperitet,
733 1480 864 1522 quem
886 1462 982 1508 tota
1004 1469 1206 1507 armenta
1227 1467 1496 1519 sequantur3

148 1542 222 1584 Illi
243 1542 359 1583 inter
381 1554 472 1583 sese
495 1539 642 1581 multa
664 1538 708 1580 vi
724 1537 907 1579 vulnera
928 1536 1130 1590 miscent,
1497 1530 1586 1577 720

149 1612 410 1667 Cornuaque
433 1609 584 1653 obnixi
605 1608 815 1665 infigunt,
841 1613 886 1650 et
910 1606 1123 1663 sanguine
1145 1606 1265 1662 largo

148 1682 274 1727 Colla
297 1695 524 1737 armosque
545 1680 698 1723 lavant
718 1693 730 1733 3
766 1678 938 1735 gemitu
960 1691 1117 1719 nemus
1140 1690 1265 1719 omne
1288 1673 1482 1731 remugit
1501 1687 1511 1715 τ

149 1753 250 1796 Non
272 1753 400 1796 aliter
422 1752 530 1795 Tros
549 1751 724 1794 Aeneas
746 1755 791 1793 et
814 1748 1019 1792 Daunius
1040 1748 1165 1790 heros

151 1825 428 1868 Concurrunt
451 1823 601 1880 clipeis
621 1837 632 1877 ;
665 1822 821 1879 ingens
842 1820 986 1877 fragor
1007 1819 1187 1862 aethera
1209 1818 1414 1875 complet.

149 1895 331 1951 Jupiter
351 1895 444 1951 ipse
462 1895 573 1936 duas
595 1898 785 1949 aequato
808 1891 1009 1934 examine
1031 1890 1178 1932 lances
1498 1886 1587 1934 725

153 1965 369 2020 Sustinet,
395 1970 440 2008 et
461 1965 556 2006 fata
578 1962 768 2020 imponit
791 1961 960 2005 diversa
982 1961 1183 2015 duorum,

153 2038 294 2092 Quem
315 2037 497 2080 damnet
519 2036 654 2091 labor,
679 2041 724 2077 et
747 2048 833 2090 quo
854 2038 1007 2090 vergat
1031 2032 1219 2089 pondere
1242 2031 1393 2076 letum.

153 2108 328 2151 Emicat
350 2108 435 2162 hic,
460 2107 640 2164 impune
663 2111 841 2163 putans,
870 2109 914 2146 et
937 2117 1108 2161 corpore
1131 2107 1227 2145 toto

153 2178 259 2222 Alte
283 2179 511 2221 sublatum
536 2177 757 2231 consurgit
782 2177 960 2219 Turnus
982 2176 1024 2218 in
1051 2189 1213 2230 ensem,

154 2250 215 2292 Et
237 2249 362 2293 ferit:
398 2249 649 2292 exclamant
674 2248 806 2290 Troes
829 2247 1076 2304 trepidique
1099 2245 1265 2301 Latini,
1502 2241 1590 2289 ’730

155 2321 453 2376 Arrectaequc
477 2320 706 2362 amborum
729 2319 853 2361 aeies.
919 2318 984 2360 At
1009 2317 1202 2374 perfidus
1226 2316 1341 2359 ensis

156 2391 408 2447 Frangitur,
435 2391 481 2433 in
503 2391 733 2445 medioque
755 2390 985 2441 ardentem
1007 2388 1167 2430 deserit
1191 2387 1311 2430 ictu:

158 2461 216 2503 Ni
238 2462 344 2518 fuga
366 2461 559 2505 subsidio
583 2461 749 2504 subeat.
816 2459 955 2516 Fugit
978 2459 1093 2501 ocior
1115 2458 1248 2512 Euro,

162 2532 225 2576 Ut
248 2533 458 2590 capulum
479 2533 682 2590 ignotum
705 2532 994 2586 dextramque
1019 2528 1224 2586 adspexit
1246 2528 1468 2570 inermem.

159 2605 299 2648 Fama
320 2611 401 2662 est,
421 2604 724 2663 praecipitem,
744 2618 883 2660 quum
907 2603 1048 2659 prima
1065 2601 1110 2644 in
1133 2600 1296 2658 proclia
1311 2599 1490 2655 junctos
1506 2596 1593 2643 735

857 2667 870 2684 Ι
