1757 2916
117 139 202 182 138
601 146 835 179 AENEIDos
867 146 955 178 ΜΒ.
993 145 1055 176 VI.

116 258 146 281 “
165 259 364 315 Pectore,
388 272 468 301 nec
489 256 610 300 fibris
632 256 804 313 requies
826 256 961 299 datur
981 254 1074 297 ulla
1097 251 1268 296 renatis.
1470 249 1558 294 600

115 329 142 351 ‘⁴
162 330 279 384 Quid
301 343 539 372 memorem
561 328 791 384 Lapithas,
816 326 974 368 Ixiona
998 324 1374 379 Pirithoumque-,

116 400 143 422 ‘⁴
163 402 279 454 Quos
303 415 433 457 super
449 405 547 443 atra
571 400 679 442 silex
696 398 791 454 jam
808 398 903 454 jam
925 397 1103 452 lapsura
1125 395 1386 450 cadentique

116 470 144 494 ‘⁶
161 472 375 514 Imminet
398 470 616 526 assimilis,
640 471 789 512 lucent
814 468 1057 525 genialibus
1081 466 1186 509 altis

117 541 145 562 ‘⁶
164 542 314 584 Aurea
336 542 475 584 fulcra
497 541 616 596 toris,
642 540 886 596 epulaeque
910 544 1013 580 ante
1036 552 1107 580 ora
1130 541 1315 593 paratae

117 613 143 633 “
165 613 359 670 Regifico
381 613 493 655 luxu
512 626 523 666 ;
559 611 799 653 Furiarum
822 609 1018 652 maxima
1034 608 1168 663 juxta
1471 606 1557 649 605

119 683 147 704 ‘⁶
166 684 385 738 Accubat,
411 688 456 725 et
481 681 686 724 manibus
709 679 912 737 prohibet
935 678 1187 734 contingere
1211 691 1399 731 mensas,

117 754 144 775 ‘⁶
164 754 466 810 Exsurgitque
487 753 629 795 facem
650 747 873 806 attollens,
899 755 1032 806 atque
1055 748 1232 790 intonat
1255 748 1375 790 ore-P

115 825 146 846 ‘⁶
165 825 266 881 Hie,
292 825 451 881 quibus
474 823 603 867 invisi
623 823 794 878 fratres,
819 821 929 864 dum
950 820 1044 863 vita
1066 819 1291 873 manebat,

115 897 143 918 ‘⁴
163 897 432 940 Pulsatusve
454 911 625 954 parens,
650 900 696 938 et
717 895 836 937 fraus
858 890 1221 945 innexaclienti3

115 968 143 990 “
163 969 260 1011 Aut
283 968 360 1025 qui
382 967 549 1011 divitiis
572 966 652 1010 soli
673 966 912 1009 incubuere
935 962 1132 1020 repertis,
1321 997 1326 1001 .
1471 960 1558 1003 610

115 1038 142 1059 ‘⁴
160 1039 254 1082 Nee
276 1044 449 1096 partem
471 1051 653 1095 posuere
677 1036 789 1080 suis:
826 1049 939 1091 quae
962 1033 1159 1076 maxima
1183 1032 1315 1075 turba
1338 1036 1404 1074 est
1425 1045 1436 1085 ;

115 1109 144 1131 “
163 1110 334 1166 Quique
357 1110 411 1152 ob
434 1108 703 1151 adulterium
726 1106 839 1149 oaesi
859 1120 870 1160 ;
906 1105 1068 1161 quique
1092 1118 1214 1146 arma
1237 1102 1378 1145 secuti

118 1180 146 1201 ‘⁴
166 1181 326 1237 Impia,
349 1195 427 1223 nec
450 1179 582 1222 veriti
603 1177 880 1222 dominorum
902 1176 1052 1219 fallere
1075 1176 1270 1230 dextras,

117 1250 144 1271 ‘⁶
164 1250 330 1293 Inclusi
351 1264 539 1308 poenam
562 1252 836 1305 exspectant.
901 1246 971 1289 Ne
995 1260 1154 1302 quaere
1177 1244 1332 1299 doceri,
1471 1242 1559 1286 614

118 1321 146 1342 “
168 1322 312 1375 Quam
342 1336 550 1379 poenam,
583 1325 661 1363 aut
684 1333 797 1375 quae
819 1318 957 1361 forma
979 1317 1092 1360 viros
1114 1316 1346 1359 fortunave
1368 1313 1536 1357 mersit.

115 1391 142 1412 ‘⁶
164 1392 332 1435 Saxum
353 1392 507 1448 ingens
528 1391 712 1433 volvunt
735 1389 823 1444 alii,
847 1388 1066 1443 radiisque
1088 1392 1286 1429 rotarum
1470 1385 1555 1427 616

118 1462 146 1484 ‘⁴
167 1462 374 1505 Districti
395 1462 588 1518 pendent
610 1475 619 1505 :
656 1459 777 1503 sedet
800 1464 1120 1514 aeternumque
1145 1456 1313 1500 sedebit

116 1534 142 1555 ‘*
163 1534 326 1576 Infelix
349 1533 545 1576 Theseus
562 1547 573 1587 ;
608 1531 913 1588 Phlegyasque
936 1529 1207 1572 miserrimus
1229 1529 1377 1570 omnes

117 1604 145 1626 “
164 1604 392 1647 Admonet
415 1609 460 1646 et
482 1617 645 1660 magna
666 1607 860 1645 testatur
880 1615 983 1644 voce
1005 1614 1083 1657 per
1105 1599 1282 1642 umbras
1303 1613 1312 1642 :

116 1674 144 1696 ‘⁶
165 1675 176 1695 ‘
196 1674 367 1717 Discite
384 1674 611 1731 justitiam
632 1673 804 1728 moniti,
830 1677 875 1715 et
897 1686 985 1714 non
1008 1677 1204 1713 temnere
1228 1669 1376 1712 divos.'
1392 1669 1417 1686 ’⁷
1468 1668 1556 1711 620

117 1746 145 1767 “
166 1746 381 1788 Vendidit
403 1745 474 1788 liic
497 1759 603 1788 auro
626 1744 818 1801 patriam
840 1742 1155 1798 dominumque
1178 1744 1409 1797 potentem

115 1817 142 1837 “
161 1816 397 1873 Imposuit,
420 1816 520 1858 fixit
541 1816 658 1872 leges
681 1813 821 1871 pretio
843 1819 980 1869 atque
1003 1812 1150 1854 refixit
1170 1826 1181 1866 ;

116 1887 143 1908 ‘⁴
163 1887 249 1929 Hic
272 1887 524 1928 thalamum
546 1885 707 1928 invasit
729 1889 862 1926 natae
884 1883 1133 1938 vetitosque
1154 1882 1418 1937 hymenaeos
1436 1895 1445 1924 :

116 1957 143 1978 ‘⁴
160 1957 274 1999 Ausi
296 1971 445 1999 omnes
467 1956 661 1998 immane
684 1955 805 1996 nefas
828 1967 1021 2009 ausoque
1044 1951 1189 2009 potiti.

117 2028 143 2048 ‘⁶
164 2027 280 2083 Non,
305 2027 415 2069 mihi
438 2026 474 2069 si
495 2026 670 2082 linguae
693 2030 872 2067 centum
896 2023 986 2067 sint
1009 2036 1168 2079 oraque
1191 2027 1387 2078 eentum,
1467 2022 1555 2066 625

116 2098 142 2118 ‘⁶
162 2098 322 2140 Ferrea
343 2112 441 2153 vox,
466 2110 617 2139 omnes
640 2096 849 2138 scelerum
872 2095 1181 2151 comprendere
1203 2093 1380 2149 formas,

116 2169 144 2190 “
166 2168 330 2212 Omnia
352 2182 593 2225 poenarum
616 2180 863 2224 percurrere
887 2166 1065 2209 nomina
1088 2164 1293 2221 possim.'’

113 2240 236 2283 Haec
259 2240 335 2282 ubi
357 2239 477 2282 dicta
498 2238 620 2281 dedit
644 2237 811 2280 Phoebi
833 2238 1045 2294 longaeva
1068 2236 1267 2280 sacerdos
1287 2250 1298 2291 ;

114 2312 142 2333 “
165 2312 251 2355 Sed
267 2311 362 2368 jam
385 2325 483 2368 age,
508 2324 638 2366 carpe
662 2309 776 2351 viam
799 2314 843 2351 et
869 2314 1126 2365 susceptum
1148 2307 1306 2365 perfice
1329 2321 1491 2349 munus
1511 2310 1521 2351 l

114 2382 140 2404 “
159 2383 467 2426 Aceelcremus
486 2386 495 2427 Σ
513 2383 539 2400 ’'
562 2381 637 2424 ait.
705 2380 731 2401 ‘⁶
754 2381 998 2437 Cyclopum
1020 2381 1181 2423 educta
1203 2378 1385 2422 caminis
1466 2379 1553 2421 630

114 2453 139 2473 ‘⁴
161 2453 336 2495 Moenia
358 2451 578 2508 conspicio
600 2456 735 2506 atque
757 2451 933 2492 advorso
956 2450 1118 2492 fiii-nice
1142 2454 1305 2505 portas,

114 2524 139 2546 ‘⁶
161 2524 283 2567 Haec
309 2524 385 2566 ubi
408 2538 484 2566 nos
508 2527 717 2580 pracepta
733 2521 893 2578 jubent
917 2522 1132 2578 deponere
1155 2521 1308 2563 dona.’⁷

115 2595 316 2650 Dixerat,
341 2599 386 2638 et
409 2594 574 2651 pariter
596 2592 728 2651 gressi
750 2608 825 2649 per
847 2606 982 2649 opaca
1005 2592 1174 2635 viarum
