1757 2916
134 143 220 186 302
609 152 838 183 AENmnos
870 152 955 183 ΜΒ.
993 152 1074 182 xn.

134 263 252 305 Tum
274 263 387 320 lapis
410 262 502 320 ipsc
525 261 620 318 viri,
645 275 836 304 vacuum
858 274 935 316 per
956 259 1085 302 inane
1108 260 1304 316 volutus,

133 334 227 377 Nec
251 335 445 391 spatium
468 334 607 377 evasit
630 338 794 387 totum,
820 345 960 386 neque
983 331 1169 387 pertulit
1192 331 1347 374 ictum.

135 407 201 450 Ac
225 407 348 450 velut
371 407 417 449 in
440 406 614 459 somnis5
640 405 786 448 oeulos
808 404 887 446 ubi
909 403 1120 460 languida
1141 403 1300 460 pressit

135 479 278 522 Nocte
301 479 438 535 quies,
463 477 763 534 nequidquam
787 475 939 519 avidos
961 476 1197 518 extendere
1220 490 1372 519 cursus

95 555 102 561 '
135 551 262 594 Velle
285 550 496 604 videmur,
521 553 565 591 et
588 548 634 590 in
657 547 814 590 mediis
837 547 1067 590 conatibus
1090 547 1211 604 aegri

143 621 418 666 Succidimus
440 634 452 674 ;
485 634 573 662 non
593 619 746 676 lingua
769 619 902 674 valet,
927 633 1015 661 non
1037 632 1210 674 corpore
1233 623 1364 661 notae

137 693 374 738 Sufficiunt
395 692 522 747 vires,
546 705 625 733 nec
647 705 733 734 vox
755 695 835 732 aut
856 690 988 732 verba
1011 694 1289 745 sequuntur:

138 766 208 808 Sic
233 764 397 820 Turno,
423 776 701 819 quacumque
723 761 844 804 viam
865 761 1031 804 virtute
1053 760 1229 818 petivit,

138 837 398 880 Successum
420 834 502 877 dea
523 834 617 877 dira
639 839 786 891 negat.
852 833 971 876 Tum
994 838 1168 890 pectore
1192 847 1344 876 sensus

137 908 389 951 Vertuntur
410 905 530 961 varii.
595 905 787 948 Rutulos
810 905 1041 961 adspectat
1063 909 1108 947 et
1131 903 1301 959 urbem,

138 979 474 1034 Cunctaturque
497 981 637 1036 metu,
662 976 889 1033 telumque
913 976 1077 1018 instare
1100 975 1315 1019 tremiscit
1331 989 1343 1030 3

135 1050 244 1106 Nec,
268 1064 355 1106 quo
378 1063 422 1092 se
446 1047 618 1105 eripiat,
637 1061 730 1102 nec,
755 1061 844 1103 qua
866 1047 910 1089 vi
931 1047 1088 1089 tendat
1110 1046 1157 1088 in
1177 1046 1363 1102 hostem,

136 1121 230 1165 Nec
252 1135 406 1164 currus
427 1133 619 1176 usquam
641 1118 764 1161 videt
790 1118 1079 1175 aurigamque
1103 1132 1300 1160 sororem.

138 1191 384 1238 Cunctanti
407 1191 550 1234 telum
572 1190 747 1233 Aeneas
768 1189 905 1232 fatale
929 1194 1141 1246 coruscat,

139 1264 331 1309 Sortitus
352 1263 578 1306 fortunam
600 1261 752 1317 oculis,
777 1266 822 1304 et
846 1276 1019 1318 corpore
1041 1266 1135 1304 toto

107 1343 109 1345 '
137 1336 325 1379 Eminus
346 1335 586 1390 intorquet.
652 1332 816 1375 Murali
837 1332 1010 1375 concita
1032 1346 1285 1390 numquam*

139 1407 377 1450 Tormento
401 1406 460 1449 sic
483 1420 589 1448 saxa
610 1404 821 1460 fremunt,
846 1419 925 1447 nec
947 1404 1135 1447 fulmine
1157 1405 1277 1448 tanti

139 1478 396 1520 Dissultant
420 1475 639 1533 crepitus:
674 1476 793 1518 Volat
816 1475 902 1518 atri
924 1474 1115 1518 turbinis
1136 1475 1277 1519 instar

138 1549 343 1592 Exitium
365 1548 510 1592 dirum
532 1547 664 1590 hasta
685 1547 841 1603 serem,
866 1561 1048 1603 orasque
1072 1547 1260 1590 recludit

138 1620 318 1664 Loricae
342 1624 388 1662 et
411 1619 540 1676 clipei
565 1624 781 1662 extremos
805 1618 1105 1675 septemplicis
1128 1619 1262 1662 orbes.

137 1693 224 1735 Per
245 1691 441 1734 medium
464 1690 654 1734 stridens
676 1691 837 1733 transit
859 1690 1011 1734 femur.
1077 1690 1244 1734 Incidit
1266 1690 1384 1734 ictus

137 1764 299 1821 Ingens
321 1764 379 1806 ad
400 1768 561 1806 terram
583 1763 810 1819 duplicato
832 1761 1000 1819 poplite
1025 1761 1213 1806 Turnus.

140 1836 422 1892 Consurgunt
444 1833 615 1892 gemitu
637 1833 813 1889 Rutuli,
838 1838 1048 1890 totusque
1070 1833 1261 1890 remugit

138 1906 268 1950 Mons
290 1907 469 1961 circum,
493 1911 538 1948 et
559 1920 712 1947 vocem
733 1905 824 1947 late
846 1918 1022 1947 nemora
1044 1904 1138 1947 alta
1160 1904 1407 1949 remittunt.

1486 547 1573 591 910

1488 902 1575 946 915

1488 1262 1577 1306 920

1489 1621 1577 1665 925

138 1977 220 2019 Ille
236 1976 417 2019 humilis
436 1976 712 2033 supplexque
731 1975 877 2017 oculos
894 1974 1184 2031 dextramque
1206 1980 1464 2031 precantem
1487 1977 1576 2021 930

139 2047 411 2091 Protendens
436 2046 704 2103 “Equidem
725 2045 880 2102 merui5
904 2059 985 2088 nec
1009 2046 1217 2103 deprecor
1228 2047 1253 2065 '³
1275 2045 1452 2103 inquit:

141 2120 168 2141 ‘⁶
189 2120 327 2163 Utere
350 2125 465 2163 sorte
488 2124 578 2162 tua.
644 2118 795 2161 Miseri
818 2123 862 2161 tc
886 2117 922 2161 si
944 2132 1033 2174 qua
1055 2119 1252 2174 parentis

140 2193 171 2212 “
192 2192 392 2249 Tangere
415 2205 519 2234 cura
542 2195 716 2247 potest3
752 2205 851 2232 oro-
866 2189 953 2232 fuit
976 2195 1020 2232 ct
1044 2189 1127 2232 tibi
1149 2190 1251 2233 talis

140 2263 167 2284 ‘⁶
186 2263 403 2306 Anchises
425 2262 648 2320 genitor-,
674 2261 823 2304 Dauni
847 2261 1047 2304 miserere
1070 2266 1289 2318 senectae,

140 2333 167 2354 “
187 2334 249 2376 Et
271 2348 360 2386 me,
386 2348 463 2376 seu
485 2347 640 2389 corpus
664 2333 899 2388 spoliatum
921 2332 1086 2375 lumine
1111 2332 1266 2387 mavis,

141 2404 336 2447 “Redde
359 2404 477 2447 meis.
543 2403 718 2457 Vicisti,
744 2409 787 2444 ct
811 2403 979 2445 victum
1005 2403 1182 2445 tendere
1207 2403 1378 2460 palmas

140 2474 166 2494 ’Ἴ
186 2474 374 2518 Ausonii
396 2475 566 2529 vi‹lcre;
601 2479 682 2516 tua
705 2478 770 2516 cst
796 2473 979 2516 Lavinia
1003 2473 1189 2530 conjux:

140 2544 165 2565 ‘⁵
187 2544 388 2588 Ulterius
410 2559 463 2587 ne
487 2545 616 2587 tende
638 2544 785 2587 odiis.’'
852 2544 991 2587 Stetit
1014 2560 1111 2587 acer
1132 2545 1177 2587 in
1199 2546 1331 2589 armis

141 2615 327 2672 Aeneas,
353 2616 527 2658 volvens
549 2616 710 2671 oculos,
734 2615 1019 2671 dextramque
1044 2608 1268 2673 repressit-3

1486 2333 1572 2376 935
