1757 2916
103 135 188 179 126
502 170 507 175 .
585 146 818 177 AENEIDos
851 146 938 177 Lm.
973 144 1033 176 VI.

100 255 162 299 Et
185 255 313 299 viridi
335 256 480 299 sedere
502 255 601 299 solo.
669 255 788 297 Tum
809 253 1032 296 maximus
1053 253 1177 296 heros

103 326 327 369 Maternas
349 327 547 384 agnoscit
572 341 689 382 aves,
712 327 946 381 laetusque
968 330 1172 381 precatur
1191 338 1202 368 :

102 397 129 418 ‘⁶
148 398 256 441 Este
279 399 427 454 duces,
450 412 490 452 o,
515 397 550 439 si
573 411 659 453 qua
681 397 752 438 via
774 402 853 450 est,
878 410 1140 451 cursumque
1163 410 1240 451 per
1260 408 1387 436 auras

102 469 129 490 “
150 469 337 526 Dirigite
361 470 405 511 in
428 469 560 523 lucos,
585 467 662 509 ubi
686 467 894 523 pinguem
916 466 1037 508 dives
1061 470 1219 521 opacat
1449 464 1532 507 195

103 539 129 559 “
149 539 317 581 Ramus
339 539 538 581 humum.
606 537 775 592 Tuque,
801 551 843 591 o,
868 536 1011 578 dubiis
1034 550 1088 577 ne
1111 536 1247 577 defice
1271 536 1412 586 rebus,

41 633 56 639 s
103 610 131 630 ‘⁵
151 610 267 652 Diva
289 613 470 665 parens!
489 611 514 627 ’²
581 608 650 652 Sic
675 607 834 650 effatus
857 606 1040 663 vestigia
1061 606 1236 662 pressit,

108 681 378 734 Observans,
403 694 517 735 quae
541 680 663 735 signa
684 679 842 739 ferant,
867 692 953 733 quo
976 678 1155 719 tendere
1179 681 1376 733 pergant.

104 751 343 794 Pascentes
365 752 464 793 illae
488 756 668 793 tantum
690 749 863 806 prodire
885 749 1085 805 volando,

105 823 337 876 Quantum
359 822 451 864 acie
474 827 651 878 possent
674 820 788 864 oculi
810 834 977 863 servare
1001 824 1276 876 sequentum.
1449 816 1537 860 200

102 894 212 937 Inde
234 893 312 936 ubi
333 908 486 936 venere
509 894 566 936 ad
583 893 731 935 fauces
753 890 1044 949 graveolentis
1066 890 1246 946 Averni,

105 964 291 1007 Tollunt
314 978 358 1007 se
382 965 554 1020 celeres,
578 963 884 1020 liquidumque
907 977 984 1019 per
1005 966 1109 1004 aera
1129 962 1278 1017 lapsae

105 1036 291 1079 Sedibus
315 1035 483 1092 optatis
505 1035 680 1092 gemina
702 1048 834 1091 super
855 1034 1005 1076 arbore
1029 1033 1199 1088 sidunt,

104 1106 305 1149 Discolor
327 1107 443 1148 unde
465 1106 565 1149 auri
586 1121 666 1163 per
687 1120 828 1148 ramos
850 1119 957 1147 aura
978 1104 1161 1148 refulsit.

105 1177 243 1230 Quale
268 1178 377 1220 solet
401 1177 520 1220 silvis
542 1176 736 1219 brumali
757 1176 912 1233 frigore
933 1175 1102 1218 viscum
1448 1174 1538 1218 205

104 1247 276 1290 Fronde
297 1248 431 1290 virere
454 1262 578 1303 nova,
603 1248 719 1304 quod
740 1262 828 1289 non
851 1261 929 1289 sua
951 1246 1137 1289 seminat
1159 1244 1298 1300 arbos,

104 1318 165 1361 Et
187 1333 333 1361 croceo
354 1319 449 1361 fetu
472 1323 632 1360 teretes
655 1318 922 1360 circumdare
946 1322 1151 1360 truncos:

107 1390 229 1431 Talis
252 1395 345 1431 erat
369 1389 532 1446 species
555 1389 651 1430 auri
672 1388 915 1431 frondentis
937 1403 1074 1444 opaca

108 1460 228 1515 Uice,
254 1460 313 1502 sic
337 1460 425 1501 leni
448 1459 693 1515 crepitabat
716 1459 894 1501 bractea
916 1464 1058 1502 vento.

108 1531 297 1588 Corripit
320 1530 496 1573 Aeneas
517 1531 752 1587 extemplo,
778 1530 1022 1585 avidusque
1043 1529 1241 1585 refringit
1451 1528 1543 1571 210

108 1601 422 1657 Cunctantem,
448 1606 493 1643 et
515 1600 630 1643 vatis
651 1606 802 1657 portat
825 1600 905 1643 sub
930 1605 1051 1642 tecta
1076 1599 1278 1655 Sibyllae.

198 1672 292 1715 Nec
317 1673 463 1715 minus
485 1672 653 1714 interea
676 1671 899 1714 Misenum
920 1670 967 1713 in
989 1671 1116 1713 litore
1140 1669 1301 1712 Teucri

108 1744 314 1798 Flebant,
340 1748 384 1785 et
408 1742 539 1786 cineri
561 1742 734 1799 ingrato
756 1756 959 1798 suprema
980 1741 1191 1785 ferebant.

107 1814 331 1870 Principio
355 1814 568 1870 pinguem
590 1813 732 1855 taedis
755 1817 799 1854 et
823 1813 970 1854 robore
994 1817 1111 1854 secto

107 1886 345 1942 Ingentem
368 1889 565 1927 struxere
587 1898 757 1939 pyram,
782 1883 854 1926 cui
875 1883 1103 1925 frondibus
1125 1882 1232 1924 atris
1454 1882 1543 1926 215

110 1956 330 1998 Intexunt
351 1955 505 2010 latera,
530 1960 575 1996 et
596 1954 748 1996 ferales
771 1959 874 1995 ante
898 1967 1122 2009 cupressos

109 2026 415 2080 Constituunt,
439 2025 733 2080 decorantque
757 2038 886 2080 super
906 2023 1181 2081 fulgentibus
1203 2023 1346 2066 armis.

109 2096 217 2139 Pars
240 2096 401 2139 calidos
423 2096 575 2138 latices
598 2100 641 2137 ct
663 2094 805 2136 ahena
828 2095 1043 2137 undantia
1066 2094 1257 2136 flammis

109 2167 381 2224 Expediunt,
406 2180 647 2223 corpusque
670 2166 822 2208 lavant
843 2165 1042 2223 frigentis
1066 2171 1110 2208 et
1132 2171 1352 2223 unguunt.

108 2238 185 2281 Fit
208 2238 428 2295 gemitus;
462 2243 560 2280 tum
582 2236 777 2279 membra
800 2242 893 2280 toro
915 2237 1077 2280 defleta
1100 2242 1333 2293 reponunt,
1458 2236 1544 2278 220

110 2309 449 2364 Purpureasque
471 2321 602 2364 super
622 2312 778 2362 vestes,
802 2307 1020 2349 velamina
1044 2312 1165 2363 nota,

110 2379 375 2435 Conjiciunt.
440 2379 548 2421 Pars
570 2378 740 2435 ingenti
763 2378 931 2420 subiere
954 2379 1132 2422 feretro-

112 2450 256 2492 Triste
281 2449 608 2504 ministerium-,
633 2454 678 2490 ct
702 2448 946 2505 subjectam
969 2464 1085 2492 more
1107 2454 1344 2506 parentum

112 2521 266 2563 Aversi
290 2529 469 2562 tenuere
491 2519 644 2562 facem.
710 2518 930 2575 Congesta
952 2524 1205 2562 cremantur

111 2591 258 2633 Turea
280 2591 408 2647 dona,
434 2591 582 2647 dapes,
606 2589 703 2632 fuso
727 2595 911 2632 crateres
933 2589 1057 2634 olivo.
1356 2627 1360 2638 ,
1455 2589 1542 2634 225
