1731 2923
585 138 816 169 AENEIDOS
847 139 934 171 LIB.
968 140 1015 171 11.
1461 131 1513 175 4]

88 245 250 288 Fertur
271 245 317 287 in
337 260 441 288 arva
461 246 607 290 furens
629 247 820 303 cumulo,
844 261 1108 304 camposque
1131 263 1209 305 per
1231 263 1380 292 omnes

90 315 205 360 Cum
227 316 411 359 stabulis
434 323 634 360 armenta
656 318 806 361 trahit.
873 318 980 361 Vidi
1003 319 1094 375 ipse
1117 320 1342 363 furentem

89 387 232 431 Caede
249 387 594 444 Neoptolemum
616 390 898 446 geminosque
920 390 967 432 in
988 390 1138 433 limine
1161 391 1345 434 Atridas
1365 406 1376 446 ;
1432 393 1521 436 500

91 458 194 501 Vidi
217 459 450 502 Hecubam
473 465 739 516 centumque
763 476 912 516 nurus,
939 461 1252 518 Priamumque
1276 478 1352 519 per
1374 478 1471 506 aras

88 529 308 586 Sanguine
329 530 594 587 foedantem,
620 545 726 587 quos
749 531 840 588 ipse
864 539 1121 589 sacraverat,
1144 534 1277 590 ignes

87 599 418 657 Quinquaginta
439 601 505 643 illi
528 601 728 658 thalami,
755 617 853 659 spes
877 608 1005 646 tanta
1027 609 1257 660 nepotum,

88 670 319 714 Barbarico
341 676 491 728 postes
513 687 617 714 auro
639 673 872 729 spoliisque
894 674 1084 730 superbi,

88 741 387 797 Procubuere,
422 748 578 786 tenent
601 743 762 798 Danai,
787 758 875 800 qua
896 744 1046 787 deficit
1068 745 1194 802 ignis.
1431 748 1519 791 505

175 813 380 856 Forsitan
401 819 460 870 et,
485 814 651 857 Priami
671 815 835 857 fuerint
857 829 969 871 quae
990 815 1098 872 fata,
1123 818 1326 877 requiras.

86 883 220 927 Urbis
243 884 312 927 uti
334 890 493 941 captae
517 900 668 928 casum
690 887 984 942 convulsaque
1006 887 1117 930 Vidit

84 954 259 997 Limina
281 960 502 998 tectorum
524 960 568 998 et
591 955 788 998 medium
809 956 855 998 in
877 958 1175 1013 penetralibus
1197 958 1382 1012 hostem,

84 1025 224 1069 Arma
245 1026 322 1068 diu
339 1025 478 1069 senior
499 1027 682 1069 desueta
704 1026 998 1070 trementibus
1021 1042 1126 1071 aevo

86 1095 343 1140 Circumdat
365 1096 666 1153 nequidquam
686 1097 895 1153 humeris,
921 1103 966 1140 et
988 1098 1146 1141 inutile
1169 1099 1334 1142 ferrum
1431 1101 1519 1145 510

86 1167 304 1225 Cingitur,
328 1182 378 1210 ac
401 1168 556 1211 densos
577 1167 718 1210 fertur
737 1167 977 1211 moriturus
999 1169 1044 1214 in
1066 1169 1223 1214 hostes,

84 1238 280 1281 Aedibus
301 1237 348 1280 in
369 1238 524 1281 mediis
546 1239 753 1295 nudoque
777 1239 858 1281 sub
881 1239 1071 1283 aetheris
1094 1255 1177 1283 axe

84 1309 244 1366 Ingens
267 1323 341 1351 ara
361 1309 462 1365 fuit,
481 1308 703 1366 juxtaque
726 1311 959 1353 veterrima
981 1311 1146 1368 laurus,

83 1379 351 1423 Incumbens
373 1395 472 1423 arae
493 1386 627 1437 atque
649 1382 808 1424 umbra
830 1383 1058 1439 complexa
1082 1383 1275 1427 Penates
1295 1399 1304 1428 ε

86 1450 172 1493 Η10
194 1450 379 1494 Hecuba
402 1456 446 1494 et
470 1457 602 1495 natae
624 1453 924 1509 nequidquam
946 1454 1104 1496 altaria
1127 1454 1306 1511 circum,
1431 1457 1518 1501 515

84 1520 351 1578 Praecipites
374 1527 471 1564 atra
493 1538 572 1565 ceu
595 1528 860 1580 tempestate
883 1525 1123 1580 columbae,

87 1592 339 1636 Condensae
362 1598 407 1636 et
430 1594 582 1636 divum
604 1595 832 1650 amplexae
856 1595 1335 1650 simi11aora,secleba11t.

84 1664 241 1720 Ipsum
262 1670 414 1707 autem
436 1664 594 1707 sumtis
617 1664 846 1706 Priamum
863 1665 1144 1721 juvenalibus
1167 1666 1297 1708 armis

86 1734 155 1777 Ut
179 1735 315 1789 vidjt3
351 1734 380 1756 ‘⁶
401 1735 521 1789 Quae
545 1749 669 1777 mens
691 1740 787 1777 tam
808 1735 914 1791 dira,
940 1736 1177 1778 miserrime
1202 1737 1375 1792 conjux,

86 1804 112 1824 “
131 1805 320 1862 Impulit
342 1805 410 1849 his
432 1805 549 1862 cingi
570 1805 684 1861 telis,
708 1811 787 1848 aut
810 1820 895 1862 quo
918 1807 1007 1849 ruis
1026 1808 1078 1850 ?’'
1100 1807 1260 1863 inquit.
1430 1809 1518 1853 520

85 1875 113 1896 “
131 1875 234 1919 Non
255 1876 337 1919 tali
358 1876 521 1919 auxilio
544 1891 622 1919 nec
641 1876 937 1920 defensoribus
958 1877 1055 1920 istis

85 1946 114 1967 “
133 1947 330 2004 Tempus
352 1952 451 2004 eget
471 1961 482 2002 3
517 1962 618 2003 non,
644 1947 681 1990 si
702 1948 794 2006 ipsc
816 1963 940 1991 meus
962 1963 1079 1991 nunc
1103 1948 1256 1992 afforet-
1280 1949 1456 1994 Hector.

85 2016 113 2038 ‘⁴
132 2018 233 2061 Huc
252 2019 434 2062 tandem
457 2019 642 2061 concede
664 2033 673 2063 :
709 2019 817 2062 haec
839 2034 915 2061 ara
937 2019 1136 2062 tuebitur
1158 2035 1321 2076 omnes,

86 2088 114 2110 “
132 2089 229 2132 Aut
250 2089 430 2132 moriere
453 2089 625 2133 simul.''
693 2089 763 2135 Sic
786 2104 857 2133 ore
879 2090 1028 2146 effata,
1053 2091 1218 2148 recepit

84 2160 157 2204 Ad
181 2175 271 2204 sese
294 2166 340 2203 et
362 2175 483 2203 sacra
503 2161 766 2217 longaevum
789 2161 836 2203 111
859 2162 958 2204 sede
980 2161 1153 2205 locavit.
1430 2163 1518 2205 525

84 2231 198 2274 Ecce
221 2236 374 2273 autem
396 2231 571 2287 elapsus
593 2231 751 2287 Pyrrhi
772 2232 826 2273 de
849 2232 981 2274 caede
1004 2231 1184 2286 Polites,

36 2350 42 2357 ,
87 2301 215 2345 Unus
238 2307 445 2344 natorum
467 2300 649 2356 Priami,
674 2315 752 2357 per
773 2301 876 2356 tela,
901 2315 978 2357 per
997 2301 1145 2344 hostes

86 2372 333 2415 Porticibus
353 2371 494 2429 longis
515 2371 643 2428 fugit,
668 2376 713 2413 et
735 2386 876 2413 vacua
899 2371 1010 2413 atria
1031 2371 1195 2414 lustrat

87 2443 271 2487 Saucius
288 2457 300 2498 ;
333 2443 462 2486 illum
484 2443 638 2485 ardens
659 2441 817 2484 infesto
840 2441 1017 2484 vulnere
1040 2441 1232 2497 Pyrrhus

88 2513 353 2570 Insequitur,
372 2514 662 2571 Jamjamque
675 2527 811 2554 manu
826 2517 948 2554 tenet
967 2516 1011 2554 et
1035 2512 1196 2569 premit
1217 2512 1345 2555 hasta
1365 2526 1376 2567 ;
1431 2513 1520 2557 530

91 2582 156 2628 Ut
178 2586 358 2628 tandem
379 2589 484 2628 ante
506 2584 651 2628 oculos
673 2582 812 2626 evasit
834 2588 879 2626 et
901 2588 1246 2642 oraparentum,
1372 2621 1430 2678 Ο

1426 2062 1453 2091 Q
