1731 2923
611 152 841 182 AENEIDOS
872 153 960 184 LIB.
995 153 1039 183 V.

116 260 354 304 Extremus
375 260 585 317 galeaque
606 259 696 302 ima
718 260 905 303 subsidit
927 259 1124 315 Acestes,

115 332 265 374 Ausus
288 337 332 374 et
354 331 447 387 ipse
469 345 604 372 manu
621 330 835 386 juvenum
860 336 1032 374 tentare
1054 331 1257 375 laborem.

116 403 235 445 Tum
259 403 413 445 validis
436 402 570 444 flexos
593 402 824 444 incurvant
848 402 1012 445 viribus
1035 417 1163 445 arcus

116 474 201 516 Pro
224 489 267 516 se
290 473 474 529 quisque
496 472 589 527 viri,
615 478 658 515 et
681 473 943 529 depromunt
966 473 1056 515 tela
1079 473 1301 529 pharetris.

116 545 351 600 Primaque
374 558 451 600 per
473 544 643 586 coelum
666 559 795 586 nervo
819 544 1029 586 stridente
1053 544 1217 601 sagitta

116 614 383 670 Hyrtacidae
400 613 574 670 juvenis
597 614 790 656 volucres
812 614 1059 657 diverberat
1082 629 1226 669 auras,

134 697 141 713 ⁴
160 691 176 726 t
198 685 318 726 venit
342 685 596 740 adversique
619 684 817 741 infigitur
839 686 986 727 arbore
1009 685 1126 729 mali.

118 755 357 797 Intremuit
380 755 538 810 malus,
564 754 804 810 timuitque
829 756 1038 798 exterrita
1060 756 1216 812 pennis

117 826 240 881 Ales,
266 831 310 867 et
334 825 503 881 ingenti
526 831 763 868 sonuerunt
785 827 931 868 omnia
954 827 1123 883 plausu.

119 898 227 939 Post
250 911 348 939 acer
370 896 627 939 Mnestheus
650 897 841 938 adducto
865 897 1065 939 constitit
1089 902 1230 950 arcu?

116 967 227 1009 Alta
249 972 422 1023 petens,
447 966 696 1022 pariterque
720 967 866 1008 oculos
889 967 1116 1022 telumque
1140 967 1355 1021 tetendit3

117 1038 204 1081 Ast
227 1038 369 1094 ipsam
392 1037 664 1079 miserandus
687 1051 814 1078 avem
836 1037 1086 1094 contingere
1107 1037 1218 1079 ferro

117 1108 220 1151 Non
242 1108 397 1164 valuit,
422 1108 554 1150 nodos
577 1113 622 1150 et
644 1107 819 1150 vincula
841 1108 956 1150 linea
978 1108 1113 1164 rupit,

119 1179 226 1233 Quis
249 1180 410 1221 innexa
431 1180 588 1235 pedem
610 1178 725 1221 malo
748 1179 969 1235 pendebat
992 1179 1047 1221 ab
1070 1180 1185 1222 alto:

118 1251 203 1293 Illa
225 1250 365 1293 Notos
389 1256 524 1306 atque
547 1254 642 1292 atra
664 1250 813 1292 volans
834 1249 881 1292 in
902 1249 1053 1292 nubila
1074 1250 1200 1306 fugit.

119 1321 236 1363 Turn
258 1321 452 1377 rapidus,
471 1321 738 1377 jamdudum
761 1336 864 1363 arcu
886 1327 1094 1364 contenta
1116 1326 1267 1378 parato

120 1393 229 1435 Tela
250 1398 415 1447 tenens,
440 1392 622 1434 fratrem
643 1392 862 1448 Eurytion
882 1392 930 1435 in
952 1398 1054 1435 Vota
1078 1392 1261 1447 vocavit,

119 1463 149 1505 J
153 1478 226 1505 am
247 1478 384 1506 vacuo
406 1464 569 1505 laetam
592 1463 708 1505 coelo
731 1463 983 1519 speculatus
1001 1477 1011 1516 3
1046 1469 1090 1506 et
1113 1464 1193 1506 alis

121 1534 413 1575 Plaudentem
435 1533 558 1590 nigra
581 1534 678 1589 figit
701 1534 781 1575 sub
803 1533 918 1575 nube
942 1534 1204 1576 columbam.

122 1605 298 1646 Decidit
323 1604 550 1659 exanimis,
575 1604 801 1659 vitamque
825 1603 1002 1659 reliquit
1025 1604 1070 1646 in
1092 1605 1219 1646 astris

121 1675 355 1729 Acthcriis,
379 1674 600 1730 fixamque
624 1674 752 1716 refert
774 1674 955 1730 delapsa
978 1674 1200 1730 sagittam.

121 1745 296 1787 Amissa
319 1745 434 1787 solus
458 1745 605 1801 palma
629 1745 865 1800 superabat
888 1745 1083 1800 Acestes,

124 1816 209 1870 Qui
231 1820 380 1858 tamen
402 1816 542 1858 aerias
565 1816 707 1857 telum
729 1815 956 1857 contendit
980 1815 1026 1857 in
1048 1831 1187 1870 auras,

124 1887 362 1931 Ostentans
385 1892 611 1942 artemque
633 1891 760 1942 pater
782 1901 1015 1942 arcumque
1039 1892 1279 1930 sonanteml

123 1957 208 2000 Hic
232 1957 369 2000 oculis
392 1957 592 2000 subitum
613 1956 817 2012 objicitur
839 1971 1086 2013 magnoque
1108 1956 1314 1999 futurum

123 2028 322 2085 Augurio
343 2027 761 2070 monstrum-docuit
784 2032 884 2083 post
906 2027 1050 2069 exitus
1073 2026 1240 2083 ingens,

127 2099 315 2153 Seraque
337 2097 516 2139 terrifici
538 2097 786 2140 cecinerunt
807 2097 954 2139 omina
974 2102 1120 2140 vates·
1141 2113 1150 2141 :

125 2169 331 2224 Namque
352 2169 503 2210 volans
525 2167 703 2223 liquidis
724 2168 772 2227 in
793 2167 986 2210 nubibus
1008 2168 1114 2210 arsit
1137 2169 1319 2223 arundo,

95 2252 98 2255 “
128 2238 415 2295 Signavitque
439 2236 557 2278 viam
579 2236 781 2291 flammis,
806 2241 1048 2291 tenuesque
1072 2237 1247 2278 recessit

127 2310 370 2353 Consumta
392 2308 438 2350 in
459 2313 626 2361 ventos,
652 2307 767 2348 coelo
790 2320 870 2349 ceu
893 2320 1020 2362 saepe
1043 2307 1176 2348 refixa

129 2380 455 2422 Transcurrunt
478 2378 727 2433 crinemque
750 2375 944 2418 volantia
968 2376 1107 2418 sidera
1130 2376 1314 2419 ducunt.

127 2450 349 2493 Attonitis
371 2449 546 2491 haesere
569 2447 738 2502 animis,
766 2447 1036 2503 Superosque
1060 2446 1227 2502 precati

129 2520 342 2563 Trinacrii
364 2519 612 2574 Teucrique
634 2518 714 2560 viri
730 2532 741 2572 ;
775 2532 854 2560 nec
879 2517 1097 2559 maximus
1120 2531 1246 2559 omen

136 2591 304 2635 Abnuit
328 2590 513 2644 Aeneas,
538 2590 615 2632 sed
637 2589 803 2631 laetum
826 2588 1057 2644 amplexus
1081 2587 1272 2629 Acesten

1454 144 1540 188 109

1459 403 1544 446 500

1464 756 1546 799 505

1460 1107 1548 1151 510

1463 1463 1550 1507 515

1466 2168 1552 2211 525

1468 2516 1554 2559 530
