1731 2923
587 158 817 188 AENElDos
849 159 935 190 Lm.
971 159 1031 189 IV.
1477 148 1531 191 91

106 266 133 288 ‘⁶
147 266 329 309 Annam
351 281 449 309 cara
471 265 584 308 mihi
605 266 760 308 nutrix
782 265 868 308 huc
893 265 997 308 siste
1020 280 1206 308 sororem
1223 280 1234 320 ;

107 337 134 358 “
153 338 252 393 Dic,
278 352 432 394 corpus
453 342 654 394 properet
676 336 847 379 fluviali
869 351 1070 392 spargere
1092 336 1287 392 lympha,
1450 336 1535 378 635

105 408 131 429 ‘⁶
148 409 210 451 Et
233 410 421 465 pecudes
445 423 592 451 secum
615 413 660 450 et
682 412 929 450 monstrata
952 408 1125 464 piacula
1147 408 1281 450 ducat

105 479 131 499 “
151 479 221 522 Sic
244 478 391 522 veniat
409 493 420 533 ;
454 484 592 535 tuque
615 479 710 535 ipsa
732 479 807 535 pia
829 484 926 535 tege
950 484 1147 534 tempora
1168 478 1293 520 Vitta.

105 550 131 570 ‘⁶
153 550 285 593 Sacra
309 550 340 593 J
343 550 412 592 ovi
437 550 604 606 Stygio,
630 564 741 606 quae
764 550 846 592 rite
869 550 1047 606 incepta
1068 549 1234 605 paravi,

105 620 132 640 ‘⁴
152 620 362 676 Perficere
386 625 452 663 est
476 621 665 677 animus,
690 621 908 676 finemque
931 621 1154 676 imponere
1178 619 1303 674 curis,
1521 660 1524 662 .

104 688 131 711 ‘⁴
152 690 450 746 Dardaniique
473 706 627 747 rogum
649 691 808 747 capitis
831 690 1083 747 permittere
1108 690 1353 733 flammae.²’
1450 688 1537 732 640

105 761 176 804 Sic
200 761 291 816 ait;
324 761 398 804 illa
422 763 610 818 gradum
629 762 774 804 studio
797 762 1014 804 celerabat
1038 761 1212 804 anilem.

104 832 169 874 At
191 833 362 889 trepida
385 838 428 875 et
451 832 617 889 coeptis
639 833 907 875 immanibus
932 832 1060 875 effera
1084 833 1216 887 Dido,

107 903 403 960 Sanguineam
426 903 604 945 volvens
627 903 765 945 aciem
786 903 1059 958 maculisque
1082 907 1321 945 trementes

103 973 327 1015 Interfusa
348 987 481 1029 genas
503 977 548 1014 et
570 973 735 1029 pallida
756 978 897 1014 morte
919 973 1084 1028 futura,

103 1042 317 1085 Interiora
339 1044 495 1086 domus
516 1043 722 1100 irrumpit
744 1043 918 1097 limina,
944 1048 990 1085 et
1012 1043 1124 1085 altos
1450 1042 1538 1087 645

105 1115 371 1159 Conscendit
393 1114 632 1157 furibunda
653 1129 789 1171 rogos,
814 1128 1048 1170 ensemque
1071 1113 1258 1156 recludit

104 1186 397 1242 Dardanium,
421 1201 509 1230 non
529 1186 607 1228 hos
629 1185 881 1242 quaesitum
902 1199 1066 1227 munus
1089 1184 1135 1226 in
1158 1199 1275 1228 usus.

103 1257 190 1300 Hic
214 1261 454 1313 postquam
475 1257 634 1299 Iliacas
658 1262 800 1299 vestes
817 1261 1062 1312 notumque
1085 1256 1227 1299 cubile

105 1328 359 1385 Conspexit,
382 1328 585 1385 paullum
606 1328 796 1370 lacrimis
820 1333 864 1370 et
886 1332 1034 1369 mente
1056 1332 1243 1382 morata,

104 1400 402 1456 Incubuitque
424 1405 530 1454 toro,
555 1399 755 1455 dixitque
778 1398 1011 1441 novissima
1033 1398 1188 1440 verba:
1386 1385 1392 1391 ⁸
1451 1397 1538 1440 650

106 1470 134 1492 “
155 1471 319 1514 Dulces
344 1471 541 1526 exuviae,
567 1471 675 1513 dum
696 1470 790 1512 fata
812 1470 1006 1525 deusque
1030 1468 1216 1525 sinebat,

107 1541 135 1562 ‘⁴
153 1541 357 1598 Accipite
379 1542 492 1583 hanc
516 1541 723 1595 animam,
747 1554 904 1596 meque
925 1541 994 1583 his
1017 1540 1226 1583 exsolvite
1250 1539 1375 1582 curis.

107 1611 134 1633 ‘⁴
152 1611 261 1655 Vixi
282 1617 342 1667 et,
366 1626 499 1668 quem
521 1612 701 1654 dederat
723 1625 900 1654 cursum
922 1611 1112 1666 fortuna,
1135 1610 1297 1669 peregi,

107 1683 135 1704 ‘⁶
150 1683 212 1726 Et
233 1697 350 1725 nunc
372 1697 533 1739 magna
554 1681 642 1724 mei
664 1682 744 1724 sub
767 1687 904 1724 terras
927 1681 1010 1723 ibit
1032 1681 1190 1738 imago.

107 1753 135 1774 ‘⁴
154 1753 324 1796 Urbem
345 1753 613 1810 praeclaram
635 1751 789 1807 statui,
813 1766 912 1794 mea
934 1751 1106 1794 moenia
1127 1750 1245 1805 vidi;
1451 1750 1539 1793 655

108 1824 135 1846 ‘⁴
156 1824 268 1868 Ulta
289 1823 448 1877 virum,
472 1837 632 1879 poenas
653 1822 829 1864 inimico
852 1837 877 1864 a
898 1822 1032 1865 fratre
1055 1821 1223 1878 recepi:

110 1895 139 1917 ‘⁴
158 1895 298 1950 Felix,
322 1895 410 1936 heu
433 1893 620 1936 nimium
641 1893 759 1948 felix,
784 1893 820 1935 si
842 1893 970 1935 litora
990 1898 1170 1935 tantum

108 1965 136 1986 ‘⁶
155 1965 415 2021 Numquam
438 1963 688 2006 Dardaniae
712 1963 963 2020 tetigissent
987 1967 1136 2005 nostra
1158 1961 1331 2005 carinae
1350 1963 1389 2005 !”

108 2036 238 2079 Dixit
261 2040 326 2090 et,
351 2050 396 2078 os
418 2035 631 2091 impressa
653 2040 760 2089 toro,
788 2035 813 2054 ‘⁴
834 2034 1071 2076 Moriemur
1091 2034 1258 2076 inultae
1276 2047 1286 2087 3

111 2106 137 2127 ‘⁴
157 2107 242 2150 Sed
264 2106 499 2148 moriamur
516 2110 524 2150 Ξ
543 2107 569 2124 '²
591 2105 654 2147 ait
671 2120 681 2149 ε
709 2105 735 2125 “
751 2105 824 2160 sic,
843 2104 901 2147 sic
919 2105 1048 2160 juvat
1064 2104 1125 2147 ire
1144 2105 1228 2147 sub·
1242 2104 1427 2148 umbras.
1456 2103 1541 2146 660

112 2176 138 2196 ‘⁶
159 2176 350 2218 Hauriat
373 2176 489 2217 hunc
513 2175 648 2217 oculis
669 2175 818 2230 ignem
840 2175 1028 2217 crudelis
1050 2175 1105 2216 ab
1128 2175 1219 2216 alto

112 2248 137 2267 ‘⁶
159 2246 407 2300 Dardanus,
433 2251 477 2288 et
499 2250 671 2287 nostrae
695 2258 845 2286 secum
865 2244 978 2286 ferat
1000 2244 1146 2286 omina
1168 2243 1361 2286 mortis‚”

113 2318 298 2360 Dixerat
320 2330 331 2371 3
366 2322 499 2371 atque
522 2316 645 2357 illam
667 2314 813 2356 media
833 2314 950 2356 inter
972 2314 1082 2356 talia
1102 2314 1212 2355 ferro

113 2389 365 2445 Collapsam
387 2387 638 2444 adspiciunt
661 2386 861 2440 comites,
886 2399 1118 2441 ensemque
1141 2397 1292 2427 cruore

113 2461 407 2517 Spumantem
430 2471 688 2515 sparsasque
709 2471 879 2500 manus.
943 2456 990 2498 It
1013 2456 1175 2498 clamor
1197 2454 1254 2496 ad
1270 2454 1362 2496 alta
1456 2454 1543 2496 665

114 2532 269 2586 Atria3
303 2544 561 2574 concussam
581 2529 821 2573 bacchatur
842 2528 963 2570 fama
985 2542 1063 2584 per
1084 2528 1239 2570 urbem
1259 2540 1270 2581 ;

116 2601 340 2645 Lamentis
361 2600 617 2658 gemituque
640 2604 685 2643 et
706 2599 893 2642 femineo
916 2598 1097 2641 ululatu
