1741 2902
475 623 527 666 Ρ.
571 624 830 669 VIRGILII
872 627 1129 674 MARONIS

368 761 1235 834 AENEIDOS

524 923 715 967 LIBER
750 926 1048 972 DECIMUS.

650 1067 938 1084 —000—

84 1161 300 1207 Panditur
320 1164 487 1209 interea
508 1168 663 1211 domus
685 1171 1001 1227 omnipotentis
1024 1173 1218 1233 Olympi,

83 1233 412 1292 Conciliumque
433 1243 559 1281 vocat
583 1239 736 1283 divum
756 1247 882 1297 pater
903 1247 1039 1299 atque
1060 1245 1292 1292 hominum
1314 1265 1390 1294 rex

83 1304 302 1348 Sideream
322 1307 369 1350 in
391 1309 550 1365 sedem,
574 1315 712 1354 terras
734 1313 850 1355 unde
872 1315 1036 1358 arduus
1058 1331 1209 1361 omnes

81 1375 321 1433 Castraque
346 1378 653 1423 Dardanidum
675 1383 904 1440 adspectat
927 1387 1197 1444 populosque
1219 1390 1414 1437 Latinos.

81 1445 326 1490 Considunt
348 1450 479 1492 tectis
500 1451 804 1507 bipatentibus
824 1469 835 1509 ;
869 1455 1028 1512 incipit
1051 1457 1167 1514 ipse:
1475 1467 1501 1509 5

81 1516 107 1536 “
128 1516 367 1561 Coelicolae
389 1522 553 1577 magni,
577 1523 787 1577 quianam
813 1527 1030 1569 sententia
1051 1529 1174 1572 vobis

79 1587 108 1608 ‘⁶
127 1587 264 1631 Versa
285 1595 413 1646 retro,
437 1597 705 1650 tantumque
728 1595 885 1639 animis
907 1599 1083 1642 certatis
1106 1600 1268 1657 iniquis
1287 1604 1309 1646 Ρ

79 1657 105 1678 “
123 1658 378 1702 Abnueram
398 1661 511 1705 bello
534 1663 715 1706 Italiam
737 1680 985 1710 concurrere
1010 1668 1201 1714 Teucris.

77 1727 104 1748 ‘³
121 1729 242 1781 Quae
265 1736 416 1774 contra
437 1733 628 1776 vetitum
649 1734 862 1778 discordia
877 1738 898 1780 Ρ
935 1738 1032 1794 quis
1054 1745 1199 1784 metus
1222 1749 1301 1786 aut
1323 1744 1402 1787 hos

76 1798 104 1819 ‘⁴
121 1799 218 1842 Aut
241 1800 318 1843 hos
340 1816 462 1844 arma
483 1804 606 1860 sequi
626 1804 875 1863 ferrumque
897 1808 1105 1853 lacessere
1127 1812 1267 1856 suasit
1282 1815 1304 1858 Ρ
1444 1817 1500 1859 10

75 1870 104 1892 “
124 1871 346 1916 Adveniet
361 1873 536 1931 justum
558 1891 745 1934 pugnae,
771 1894 824 1922 ne
847 1881 1068 1938 arcessite,
1092 1888 1286 1942 tempus,

74 1941 102 1962 “
121 1942 270 1995 Quum
290 1944 382 1987 fera
406 1945 629 2004 Carthago
653 1948 864 1993 Romanis
886 1952 1059 1996 arcibus
1081 1954 1186 1997 olim

73 2011 101 2032 ‘⁶
118 2012 320 2056 Exitium
341 2029 554 2074 magnum
576 2023 710 2075 atque
732 2020 869 2077 Alpes
890 2021 1106 2067 immittet
1129 2032 1316 2082 apertas.

72 2082 100 2103 ‘⁶
117 2083 235 2125 Tum
257 2091 420 2129 certare
443 2089 564 2144 odiis,
593 2094 691 2132 tum
713 2105 780 2134 res
802 2093 998 2149 rapuisse
1019 2094 1169 2139 licebit
1185 2111 1196 2152 3

72 2152 246 2198 “Nunc
270 2154 412 2212 sinite,
437 2162 481 2200 et
504 2159 721 2215 placitum
741 2162 849 2204 laeti
870 2165 1116 2220 componite
1136 2167 1328 2213 foedus.'’
1441 2174 1495 2216 15

69 2223 250 2280 Jupiter
269 2225 374 2269 haec
398 2229 548 2282 paucis
564 2242 575 2282 ;
610 2235 656 2272 at
678 2245 766 2272 non
789 2231 942 2275 Venus
963 2248 1094 2277 aurea
1116 2242 1268 2280 contra

70 2294 221 2338 Pauca
243 2297 371 2339 refert
391 2311 401 2341 :

70 2364 97 2385 “
113 2364 148 2408 O
173 2370 311 2422 pater,
336 2382 359 2409 o
381 2367 609 2411 hominum
630 2383 861 2426 rerumque
884 2377 1062 2416 aeterna
1085 2381 1324 2432 potestas,-

70 2435 98 2457 “
116 2437 319 2494 Namque
336 2440 457 2482 aliud
475 2440 581 2496 quid
599 2441 671 2496 sit,
690 2443 806 2497 quod
823 2442 916 2498 jam
933 2443 1164 2500 implorare
1182 2462 1394 2503 queamus
1410 2452 1490 2493 ,⁹-

70 2507 98 2527 ⁴⁴
116 2508 282 2564 Cernis,
306 2514 359 2551 ut
382 2509 598 2553 insultent
621 2511 794 2567 Rutuli,
820 2512 1083 2570 Turnusque
1105 2515 1273 2560 feratur
1435 2522 1490 2563 20

73 2577 100 2599 ‘⁶
120 2578 204 2621 Per
225 2580 388 2623 medios
409 2580 590 2637 insignis
611 2582 733 2638 cquis
757 2583 1039 2640 tumidusque
1063 2588 1251 2630 secundo
