1757 2916
156 149 243 192 100
654 155 884 187 AENnrnos
918 155 1004 186 Lm.
1040 155 1083 185 v.

153 269 183 291 ‘⁶
200 269 334 313 Nunc
357 267 540 324 animos,
564 266 725 324 quibus
747 266 794 308 in
816 264 1021 309 Gaetulis
1045 263 1238 321 syrtibus
1261 261 1331 305 usi

155 342 183 364 “
198 341 406 398 Ionioque
429 340 538 382 mari
561 339 819 394 Maleaeque
843 337 1103 393 sequacibus
1126 335 1268 379 undis.

156 414 183 435 ‘⁶
204 414 305 456 Non
323 413 417 468 jam
441 411 582 468 prima
604 416 705 466 peto
729 409 1006 464 Mnestheus,
1029 422 1174 464 neque
1200 407 1370 449 vincere
1394 411 1533 448 certo—

157 486 182 507 “
201 485 481 540 Quamquam
499 498 523 525 o
625 482 709 525 Sed
728 485 949 537 superent,
966 480 1124 536 quibus
1143 481 1237 535 hoe,
1254 479 1481 534 Neptune,
1508 478 1593 521 195

157 559 182 578 ‘²
202 558 437 600 Extremos
461 556 627 612 pudeat
650 553 837 596 rediisse.
873 552 970 595 Hoc
989 552 1169 607 vincite,
1189 552 1319 606 cives,
1373 548 1593 606 [dedisti—3

158 631 183 650 ‘⁶
205 630 264 672 Et
288 628 515 685 prohibete
538 626 700 669 nefas.”
768 623 859 668 Olli
881 623 1119 666 certamine
1143 636 1315 665 summo

160 700 493 743 Procumbunt:
527 696 666 739 vastis
687 695 841 738 tremit
863 694 1025 737 ictibus
1048 708 1172 736 aerea
1195 692 1370 749 puppis,

160 771 534 826 subtrahiturque
557 768 697 811 solum
713 782 724 822 ;
760 772 860 810 tum
882 766 1029 809 creber
1051 765 1272 808 anhelitus
1295 768 1419 807 artus

160 844 385 899 Aridaque
407 856 482 885 ora
505 840 666 897 quatit,
692 840 822 883 sudor
841 837 944 881 fluit
965 838 1160 894 undique
1184 836 1295 881 rivis.
1511 833 1599 876 200

161 915 336 959 Attulit
357 914 450 970 ipse
471 912 576 955 viris
598 915 808 968 optatum
831 924 957 953 casus
979 910 1213 953 honorem:

162 988 367 1042 Namque
388 985 539 1027 furens
561 982 699 1026 animi
721 983 830 1026 dum
851 996 1024 1039 proram
1046 981 1103 1023 ad
1126 995 1232 1023 saxa
1255 979 1502 1035 suburguet

163 1058 351 1102 Interior
374 1055 603 1113 spatioque
627 1053 745 1097 subit
770 1053 1000 1110 Sergestus
1023 1051 1188 1108 iniquo,

164 1128 327 1171 Infelix
349 1126 466 1171 saxis
487 1126 535 1169 in
555 1123 911 1183 procurrentibus
932 1122 1086 1167 haesit.

166 1200 412 1244 Concussae
435 1202 601 1252 cautes,
626 1201 670 1239 et
692 1200 823 1238 acuto
845 1194 893 1237 in
913 1194 1078 1237 murice
1101 1193 1209 1236 remi
1514 1192 1604 1236 205

169 1270 336 1315 obnixi
357 1283 578 1325 crepuere,
603 1267 805 1323 illisaque
828 1280 954 1322 prora
975 1265 1200 1323 pependit.

168 1342 452 1398 Consurgunt
475 1344 638 1382 nautae
661 1343 706 1381 et
728 1352 889 1394 magno
911 1337 1099 1380 elamore
1121 1340 1363 1391 morantur,

169 1413 459 1467 Ferratasque
482 1411 633 1453 trudes
655 1415 699 1451 et
722 1413 856 1451 acuta
880 1408 1058 1465 cuspide
1081 1413 1232 1451 contos

169 1483 446 1540 Expediunt,
470 1476 718 1536 fractosque
740 1480 896 1536 legunt
918 1479 966 1521 in
987 1479 1162 1536 gurgite
1184 1493 1335 1523 remos.

170 1556 233 1598 At
257 1555 403 1596 laetus
427 1551 703 1607 Mnestheus,
729 1564 1020 1607 successuque
1043 1549 1180 1593 aerior
1200 1550 1314 1607 ipso,
1519 1549 1609 1592 210

170 1625 362 1683 Agmine
387 1638 607 1667 remorum
629 1622 759 1666 celeri
780 1621 1009 1679 ventisque
1031 1621 1199 1665 voeatis

171 1699 315 1741 Prona
338 1696 452 1754 petit
475 1695 613 1738 maria
636 1700 682 1737 et
704 1695 859 1752 pelago
881 1693 1074 1737 decurrit
1096 1699 1258 1750 aperto.

173 1770 327 1824 Qualis
351 1768 561 1824 spelunca
584 1766 730 1809 subito
753 1771 972 1808 commota
995 1765 1217 1820 columba,

175 1840 259 1884 Cui
280 1840 435 1882 domus
459 1843 503 1880 et
527 1837 675 1879 dulces
696 1836 914 1878 latebroso
936 1835 983 1878 in
1005 1835 1178 1891 pumice
1203 1835 1308 1890 nidi,

175 1912 334 1954 Fertur
356 1909 402 1951 in
425 1922 528 1951 arva
551 1908 700 1950 volans
723 1907 1018 1963 plausumque
1042 1906 1252 1948 exterrita
1275 1905 1430 1963 pennis
1524 1907 1613 1951 215

177 1982 270 2024 Dat
294 1985 412 2023 tecto
434 1979 676 2036 ingentem,
699 1991 803 2020 mox
825 1981 928 2020 aere
950 1976 1074 2034 lapsa
1096 1977 1244 2033 quieto

177 2052 315 2095 Radit
338 2051 422 2093 iter
444 2049 680 2105 liquidum,
705 2049 864 2091 celeres
885 2062 1028 2104 neque
1051 2053 1299 2091 commovet
1322 2049 1415 2092 alas

179 2123 250 2166 Sic
274 2121 546 2175 Mnestheus,
572 2119 632 2162 sie
655 2119 750 2175 ipsa
784 2118 892 2174 fuga
923 2124 1041 2161 secat
1064 2118 1225 2161 ultima
1248 2119 1405 2162 Pristis

180 2194 396 2250 Aequora,
422 2192 482 2235 sie
505 2191 626 2233 illam
648 2190 730 2232 fert
753 2190 946 2246 impetus
969 2189 1062 2246 ipsc
1084 2190 1321 2234 volantem.

181 2267 241 2309 Et
265 2265 455 2322 primum
482 2264 525 2305 in
549 2262 725 2319 scopulo
746 2262 996 2304 luctantem
1019 2262 1179 2305 deserit
1203 2263 1293 2306 alto
1528 2265 1617 2306 00³]

183 2338 435 2392 Sergestum
458 2333 746 2389 brevibusque
769 2332 909 2387 vadis,
933 2333 1183 2389 frustraque
1207 2340 1437 2378 vocantem

184 2407 365 2450 Auxilia
389 2412 433 2448 ct
456 2406 606 2448 fractis
629 2404 871 2447 discentem
895 2418 1060 2446 currere
1084 2405 1224 2448 remis.

185 2479 293 2521 Inde
319 2477 448 2533 Gyan
465 2477 692 2532 ipsamque
716 2475 883 2531 ingenti
907 2475 1019 2517 mole
1045 2474 1328 2518 Chimaeram

184 2549 480 2605 Consequitur
499 2562 508 2592 :
543 2547 674 2602 cedit,
698 2545 905 2603 quoniam
926 2545 1116 2601 spoliata
1136 2546 1346 2603 magistro
1368 2552 1445 2591 est.

187 2621 313 2665 Solus
329 2620 511 2677 jamque
534 2618 630 2676 ipso
651 2621 850 2675 superest
872 2616 918 2659 in
940 2616 1026 2659 fine
1052 2617 1311 2675 Cloanthus,
1531 2618 1620 2663 225
