1757 2916
225 135 282 182 52
710 144 942 176 AENEIDOS
975 144 1063 176 Lm.
1098 144 1164 176 111.

221 255 283 300 Vi
303 255 483 313 potitur.
550 254 668 309 Quid
690 269 777 297 non
798 253 1003 297 mortalia
1024 257 1204 310 pectora
1226 250 1358 309 cogis,

222 327 336 372 Auri
358 341 478 370 sacra
501 318 636 369 fames
656 327 677 369 Ρ
745 325 990 382 Postquam
1012 310 1146 381 pavor
1168 338 1263 366 ossa
1286 321 1466 378 reliquit
1483 335 1495 376 ;

223 399 425 441 Delectos
448 397 602 454 populi
624 397 680 439 ad
703 411 899 453 proceres
922 395 1201 451 primumque
1225 399 1460 450 parentem

223 469 423 512 Monstra
439 469 574 511 deum
597 467 729 510 refero
753 473 812 522 et,
837 481 949 523 quae
973 466 1030 509 sit
1054 465 1292 521 sententia,
1316 478 1459 521 posco.

223 540 439 584 Omnibus
461 539 577 581 idem
595 539 781 592 animus,
807 537 1018 581 scelerata
1041 537 1248 580 excedere
1272 542 1401 591 terra,

222 612 385 668 Linqui
408 611 634 668 pollutum
654 609 899 668 hospitium
923 613 967 651 et
989 609 1094 651 dare
1117 607 1332 650 classibus
1355 611 1540 649 austros.

222 684 339 740 Ergo
363 684 661 725 instauramus
685 681 899 736 Polydoro
920 679 1067 734 funus,
1091 683 1136 721 ct
1158 678 1313 735 ingens

223 754 462 812 Aggeritur
483 753 658 795 tumulo
682 752 816 794 tellus
836 765 845 795 :
882 755 1006 794 stant
1029 749 1239 792 Manibus
1262 762 1363 792 arae

225 825 444 870 Caeruleis
467 828 660 866 maestae
681 822 803 865 vittis
825 827 1009 878 atraque
1032 835 1252 878 cupresso,

223 898 286 940 Et
308 896 473 939 circum
495 895 659 937 Iliades
682 893 847 936 crinem
869 893 923 936 de
945 906 1064 935 more
1087 892 1253 935 solutae
1271 905 1281 946 ;

205 968 461 1011 ‚Inferimus
483 966 631 1023 tepido
654 964 912 1022 spumantia
934 963 1108 1019 cymbia
1129 963 1245 1005 lacte

227 1038 462 1096 Sanguinis
485 1042 529 1080 et
554 1036 663 1080 sacri
684 1041 874 1092 pateras,
900 1035 1184 1090 animamque
1208 1033 1407 1091 sepulcro

229 1110 484 1165 Condimus,
504 1114 549 1152 et
570 1123 732 1164 magna
756 1121 1014 1164 supremum
1035 1120 1139 1149 voce
1163 1105 1343 1148 ciemus.

227 1181 357 1235 Inde,
382 1179 459 1222 ubi
481 1179 623 1236 prima
645 1179 752 1221 fides
774 1178 942 1234 pelagO,
966 1177 1231 1233 placataque
1255 1175 1378 1218 venti

229 1252 354 1294 Dant
377 1250 527 1306 maria,
553 1256 598 1293 et
620 1249 729 1292 lenis
754 1249 974 1306 crepitans
996 1253 1125 1291 vocat
1147 1253 1297 1290 auster
1317 1247 1364 1290 in
1386 1247 1545 1302 altum,

230 1323 473 1365 Deducunt
497 1320 599 1363 socii
621 1333 752 1362 naves
775 1324 819 1361 et
842 1319 972 1362 litora
993 1318 1231 1375 complent.

230 1392 518 1436 Provehimur
540 1396 686 1447 portu,
711 1395 939 1446 terraeque
964 1390 1180 1445 urbesque
1204 1388 1424 1431 recedunt.

326 1464 457 1508 Sacra
480 1461 591 1505 mari
614 1462 773 1504 colitur
795 1461 940 1503 medio
963 1460 1216 1517 gratissima
1238 1460 1369 1502 tellus

231 1534 472 1577 Nereidum
497 1532 630 1575 matri
652 1537 696 1574 et
714 1531 928 1588 Neptuno
951 1531 1142 1587 Aegaeo,

233 1607 378 1660 Quam
398 1605 498 1662 pius
521 1604 799 1659 Arcitenens,
824 1618 919 1646 oras
941 1607 986 1646 et
1007 1602 1137 1645 litora
1159 1602 1328 1645 circum

230 1676 480 1730 Errantem,
505 1674 692 1731 Mycono
715 1688 738 1716 e
761 1674 876 1717 celsa
900 1672 1133 1729 Gyaroque
1156 1671 1362 1728 revinxit,

232 1748 561 1802 Immotamque
584 1745 668 1789 coli
690 1745 815 1788 dedit
838 1749 882 1788 et
905 1749 1184 1788 contemnere
1206 1740 1362 1786 ventos
1385 1757 1394 1788 ε

233 1821 336 1863 Huc
357 1820 469 1862 feror
489 1833 500 1874 ;
533 1819 640 1862 haec
661 1819 795 1862 fessos
818 1823 918 1861 tuto
941 1817 1236 1875 placidissima
1257 1822 1387 1873 portu

233 1890 426 1947 Accipit.
492 1889 667 1946 Egressi
688 1903 949 1931 veneramur
970 1888 1192 1944 Apollinis
1214 1888 1382 1931 urbem.

235 1962 331 2004 Rex
353 1960 512 2016 Anius,
537 1974 614 2003 rex
635 1960 753 2002 idem
773 1960 1005 2003 hominum
1029 1959 1285 2016 Phoebique
1308 1959 1520 2015 sacerdos,

235 2031 378 2074 Vittis
401 2037 445 2074 et
468 2045 588 2074 sacra
612 2031 841 2074 redimitus
860 2032 1062 2088 ‘tempora
1086 2031 1226 2086 lauro,

236 2101 450 2156 Occurrit,
475 2105 666 2143 veterem
688 2100 915 2143 Anchisen
936 2100 1135 2157 agnoscit
1158 2100 1351 2144 amicum
1372 2114 1382 2145 :

236 2173 266 2216 J
271 2172 478 2229 ungimus
499 2171 689 2228 hospitio
710 2171 907 2226 dextras,
932 2177 977 2214 et
1000 2177 1119 2214 tect-a
1141 2172 1351 2215 subimus.

238 2244 424 2300 Templa
446 2243 515 2286 dei
538 2258 641 2286 saxo
664 2243 899 2284 venerabar
921 2248 1091 2285 structa
1112 2248 1287 2286 vetusto
1305 2256 1315 2287 z

1605 533 1663 577 60

1611 889 1668 932 65

1611 1236 1713 1290 7Ο’

1614 1597 1672 1645 75

1615 1959 1675 2002 80

239 2315 266 2336 “
288 2315 357 2357 Da
379 2314 615 2371 propriam,
641 2313 930 2369 Thymbraee,
949 2314 1154 2358 domum!
1182 2314 1254 2356 Da
1276 2313 1451 2356 moenia
1472 2312 1595 2355 fessis
1618 2312 1673 2356 85

239 2385 266 2408 “
285 2386 346 2429 Et
368 2400 505 2442 genus
527 2390 573 2427 et
596 2398 850 2427 mansuram
872 2385 1025 2427 urbem
1045 2388 1054 2429 Ξ
1114 2385 1247 2428 Serva
1269 2385 1409 2427 altera
1432 2383 1588 2439 Trojae

240 2455 268 2479 “
285 2457 516 2514 Pergama,
540 2455 747 2511 reliquias
772 2455 980 2497 Danaum
1003 2460 1137 2512 atque
1160 2455 1346 2497 immitis
1368 2454 1549 2498 Achilli.

240 2527 267 2549 ‘⁴
287 2528 429 2582 Quem
451 2526 688 2583 sequimur,
712 2541 850 2583 quove
874 2527 934 2569 ire
951 2526 1094 2583 jubes,
1118 2526 1196 2570 ubi
1217 2540 1377 2583 ponere
1400 2525 1521 2568 sedes
1540 2525 1562 2569 Ρ

241 2598 268 2621 “
291 2599 374 2656 Da,
397 2603 536 2656 pater,
560 2598 809 2655 augurium,
833 2603 967 2655 atquc
990 2598 1150 2642 animis
1170 2597 1349 2641 illabere
1371 2595 1532 2640 nostris
1552 2596 1592 2642 1''
