1731 2923
553 139 782 172 AENEIDos
815 140 902 171 ΜΒ.
936 140 1000 171 111.
1440 125 1497 171 67

71 251 157 294 Ter
178 249 344 307 scopuli
365 240 595 293 clamorem
616 250 729 292 inter
751 262 859 293 cava
881 262 987 290 saxa
1009 246 1178 300 dedere,

71 321 157 363 Ter
179 336 381 378 spumam
404 321 555 363 elisam
576 326 620 363 et
642 321 833 363 rorantia
857 313 1046 361 vidimus
1069 322 1197 359 astra.

72 391 242 433 Interea
258 392 388 434 fessos
409 396 568 434 ventus
590 406 692 434 cum
715 392 800 433 sole
823 389 1014 445 reliquit,

71 461 306 517 Ignarique
328 461 424 503 viae
449 461 691 517 Cyclopum
714 461 947 503 allabimur
969 459 1064 501 oris.

71 532 233 574 Portus
256 533 310 574 ab
333 547 508 575 accessu
530 537 760 574 ventorum
782 532 992 573 immotus
1016 535 1061 572 et
1084 529 1237 584 ingens
1410 524 1496 570 570

70 602 200 659 Ipse3
236 603 311 645 sed
331 602 540 645 horrificis
556 602 689 658 juxta
712 607 838 645 tonat
861 601 1010 643 Aetna
1034 599 1194 642 ruinis:

70 673 390 728 Interdumque
412 678 555 715 atram
577 673 821 729 prorumpit
844 673 900 714 ad
921 671 1099 714 aethera
1119 670 1295 723 nubem,

73 743 266 786 Turbine
287 744 534 785 fumantem
557 744 677 800 piceo
700 749 744 786 et
767 744 981 785 candente
1002 741 1164 796 favilla,

68 812 335 869 Attollitque
357 813 505 869 globos
527 813 818 868 flammarum,
839 818 884 855 et
907 812 1046 855 sidera
1067 810 1223 853 lambit
1244 823 1254 864 3

68 881 299 925 Interdum
321 883 517 938 scopulos
539 883 779 938 avulsaque
801 882 963 925 viscera
985 881 1145 923 montis
1406 876 1494 922 575

69 951 215 1008 Erigit
239 955 455 1007 eructans,
478 951 800 1008 liquefactaque
825 965 930 994 saxa
953 951 1033 993 sub
1055 965 1184 992 auras

73 1022 189 1065 Cum
211 1022 379 1080 gemitu
400 1022 627 1079 glomerat,
650 1022 873 1078 fundoque
896 1026 1129 1064 exaestuat
1152 1020 1250 1063 imo.

67 1093 208 1135 Fama
230 1098 311 1147 est,
336 1092 552 1154 Enceladi
574 1093 837 1135 semiustum
859 1091 1045 1134 fulmine
1068 1103 1224 1147 corpus

67 1163 227 1219 Urgeri
249 1163 360 1205 mole
382 1163 478 1218 hac,
501 1162 813 1219 ingentemque
834 1162 1015 1218 insuper
1037 1161 1234 1204 Aetnam

67 1232 329 1289 Impositam
351 1233 493 1290 ruptis
515 1233 741 1275 flammam
765 1233 983 1289 exspirare
1005 1231 1202 1286 caminis,
1407 1228 1495 1273 580

67 1303 143 1358 Et,
167 1304 330 1346 fessum
353 1304 521 1360 quoties
542 1308 689 1346 mutet
710 1304 843 1359 latus,
867 1303 1100 1345 intremere
1123 1315 1296 1343 omnem

66 1374 291 1416 Murmure
315 1374 590 1417 Trinacriam
611 1379 656 1417 et
678 1375 848 1417 coelum
870 1374 1099 1416 subtexere
1120 1372 1252 1415 sumo.

155 1444 344 1487 Noctem
365 1445 488 1486 illam
509 1445 618 1487 tecti
640 1445 758 1487 silvis
781 1443 993 1486 immania
1015 1447 1211 1485 monstra

67 1514 343 1571 Perferimus,
368 1530 462 1570 nec,
487 1529 597 1570 quae
621 1515 812 1557 sonitum
835 1515 909 1556 det
932 1528 1076 1567 causa,
1101 1513 1326 1554 videmus:

67 1585 185 1628 Nam
206 1601 346 1642 neque
369 1590 493 1628 erant
515 1590 732 1628 astrorum
753 1585 889 1641 ignes,
913 1599 991 1626 nec
1014 1583 1187 1625 lucidus
1209 1582 1360 1624 aethra
1406 1582 1493 1624 585

70 1656 243 1699 Siderea
264 1657 404 1713 polus,
429 1656 609 1698 obscuro
632 1656 706 1698 sed
728 1654 880 1697 nubila
902 1654 1031 1709 coelo,

68 1726 130 1768 Et
151 1727 306 1768 lunam
328 1726 374 1768 in
396 1725 545 1768 nimbo
568 1740 655 1768 nox
675 1714 944 1781 intempesta
966 1724 1156 1766 tenebat.

67 1797 248 1840 Postera
263 1796 442 1853 jamque
465 1796 557 1839 dies
579 1795 719 1852 primo
742 1795 950 1851 surgebat
972 1794 1081 1850 Eoo,

66 1867 427 1924 Humentemque
449 1867 620 1910 Aurora
643 1866 741 1923 polo
763 1866 1003 1908 dimoverat
1026 1865 1253 1908 umbram:

67 1939 214 1992 Quum
238 1939 382 1982 subito
403 1953 425 1981 e
449 1938 581 1994 silvis,
604 1937 742 1980 macie
765 1937 962 1980 confecta
987 1950 1202 1992 suprema,
1407 1934 1494 1978 590

66 2010 216 2066 Ignoti
238 2025 349 2053 nova
370 2010 508 2052 forma
529 2008 612 2051 viri
633 2008 966 2063 miserandaque
988 2008 1114 2050 cultu

67 2080 285 2136 Procedit,
309 2080 581 2136 supplexque
603 2093 761 2121 manus
783 2079 840 2121 ad
860 2078 993 2120 litora
1015 2077 1171 2120 tendit.

66 2150 353 2207 Respicimus.
417 2149 526 2192 Dira
546 2149 720 2191 illuvies
740 2148 1022 2203 immissaque
1042 2147 1192 2202 barba,

68 2221 328 2264 Consertum
348 2224 556 2276 tegumen
579 2219 712 2274 spinis
729 2232 740 2272 3
775 2224 822 2260 at
845 2222 989 2260 cetera
1012 2217 1174 2260 Graius

66 2293 126 2336 Et
150 2292 370 2348 quondam
391 2290 544 2347 patriis
566 2291 621 2332 ad
645 2288 820 2345 Trojam
843 2288 1001 2330 missus
1023 2287 1069 2329 in
1091 2286 1233 2329 armis.
1404 2286 1492 2329 595

70 2363 201 2418 [sque
224 2362 301 2404 ubi
323 2360 567 2403 Dardanios
589 2359 765 2401 habitus
788 2363 833 2400 et
858 2358 989 2399 Troia
1012 2356 1122 2398 vidit

67 2433 205 2476 Arma
227 2432 403 2489 procul:
439 2421 638 2487 paullum
660 2430 871 2485 adspectu
894 2427 1156 2470 conterritus
1176 2425 1332 2480 haesit,

69 2503 385 2559 Continuitque
407 2503 591 2559 gradum
611 2516 621 2556 3
656 2515 757 2543 mox
780 2514 870 2542 sese
892 2500 947 2541 ad
968 2498 1099 2541 litora
1120 2511 1324 2554 praeceps

69 2573 186 2618 Cum
206 2574 317 2616 fletu
339 2573 625 2630 precibusque
649 2571 779 2615 tulit:
817 2569 846 2592 ‘⁴
864 2570 948 2612 Per
970 2569 1109 2612 sidera
1131 2573 1283 2623 testor,
