1741 2902
613 94 842 126 AENEIDOS
873 95 958 126 ΗΒ.
993 95 1054 125 ΧΙ.
1146 124 1150 127 ,
1470 84 1559 127 255

136 205 162 227 ⁶⁶
179 205 191 227 ⁶
211 206 353 260 Sidus,
378 209 422 247 et
444 202 663 246 Euboicae
687 207 836 245 cautes
859 202 1058 258 ultorque
1083 201 1347 257 Caphereus.
1472 202 1560 244 260

135 277 161 297 ⁶⁶
182 277 192 297 ⁶
212 276 373 319 Militia
396 290 450 317 ex
471 275 546 316 illa
569 274 788 316 diversum
810 273 866 315 ad
887 273 995 315 litus
1018 273 1179 327 abacti,

134 348 160 368 ⁶⁶
183 347 385 389 ‘Atrides
408 345 556 388 Protei
579 344 807 386 Menelaus
830 344 885 386 ad
906 358 1044 399 usque
1068 344 1291 386 columnas

134 419 161 439 ⁶⁶
183 419 193 439 ⁶
210 418 414 471 Exsulat,
439 417 661 459 Aetnaeos
684 416 794 457 vidit
817 415 1031 470 Cyclopas
1055 413 1226 458 Ulixes.

134 490 160 510 ⁶⁶
181 490 191 510 ⁶
211 489 365 545 Regna
387 487 666 544 Neoptolemi
688 486 886 541 referam,
912 501 1139 542 versosque
1162 492 1343 542 penates

100 564 104 567 ’
134 561 161 581 ⁶⁶
183 561 193 581 ⁶
214 560 451 614 Idomenei,
475 559 695 614 Libycone
719 557 970 599 habitantes
991 557 1117 599 litore
1140 557 1296 601 Locros
1313 560 1333 601 ?
1475 560 1563 602 265

135 632 163 652 ⁶⁶
183 632 193 652 ⁶
212 632 312 688 Ipse
336 630 601 686 Mycenaeus
624 643 882 684 magnorum
905 628 1062 670 ductor
1083 628 1308 670 Achivum

136 702 164 723 ⁶⁶
186 703 196 722 ⁶
213 701 420 758 Conjugis
442 700 647 742 infandae
670 700 810 756 prima
832 700 948 741 intra
971 699 1125 741 limina
1147 700 1304 742 dextra

136 772 162 793 ⁶⁶
183 772 194 793 ⁶
215 772 415 829 Oppetiit
432 785 443 826 ;
477 771 696 814 devictam
719 771 874 813 Asiam
897 770 1093 813 subsedit
1115 771 1299 813 adulter.

137 843 164 864 ⁶⁶
184 843 196 864 ⁶
214 843 427 886 Invidisse
450 843 565 897 deos,
590 841 744 898 patriis
766 847 818 884 ut
841 841 1038 884 redditus
1060 841 1145 884 aris

137 914 163 935 ⁶⁶
180 915 191 935 ⁶
205 914 471 970 Conjugium
482 918 686 969 optatum
701 918 745 954 et
759 912 988 968 pulchram
1001 912 1225 967 Calydona
1236 913 1424 954 viderem
1440 913 1460 955 Ρ
1474 911 1562 955 270

137 985 164 1005 ⁶⁶
186 985 196 1005 ⁶
214 985 345 1027 Nunc
369 985 505 1026 etiam
526 983 722 1036 horribili
742 983 839 1024 visu
860 987 1063 1038 portenta
1087 989 1343 1038 sequuntur,

137 1055 163 1075 ⁶⁶
180 1055 191 1075 ⁶
209 1056 271 1098 Et
293 1055 395 1097 socii
417 1053 566 1096 amissi
587 1053 811 1110 petierunt
834 1053 1011 1094 aethera
1034 1052 1202 1108 pennis,

138 1126 164 1146 ⁶⁶
185 1126 196 1146 ⁶
215 1127 251 1168 F
256 1126 582 1181 luminibusque
604 1129 823 1181 vagantur
845 1123 1069 1166 aves-heu
1091 1123 1184 1165 dira
1207 1138 1403 1165 meorum

139 1198 165 1219 ⁶⁶
185 1197 196 1218 ⁶
217 1197 444 1254 Supplicia
460 1200 468 1240 1
483 1201 556 1238 -et
581 1195 777 1251 scopulos
799 1193 1035 1236 lacrimosis
1058 1193 1234 1236 vocibus
1255 1194 1454 1250 implent.

139 1269 166 1289 ⁶⁶
187 1268 197 1288 ⁶
216 1268 337 1310 Haec
360 1268 465 1310 adeo
488 1281 543 1308 ex
564 1266 638 1308 illo
659 1264 768 1306 mihi
784 1264 878 1321 jam
902 1264 1116 1320 speranda
1138 1263 1321 1306 fuerunt
1475 1261 1563 1308 275

140 1340 165 1360 ⁶⁶
186 1340 196 1360 ⁶
217 1339 442 1394 Tempore,
468 1352 606 1393 quum
627 1337 740 1378 ferro
762 1335 966 1378 coelestia
988 1333 1166 1391 corpora
1190 1335 1368 1377 demens

140 1411 165 1431 ⁶⁶
183 1411 193 1431 ⁶
214 1409 400 1466 Appetii
423 1414 466 1451 et
492 1407 675 1450 Veneris
698 1406 856 1449 violavi
878 1406 1055 1448 vulnere
1079 1407 1292 1449 dextram.

140 1481 167 1502 ‘⁶
185 1481 196 1502 ⁶
215 1481 284 1522 Ne
306 1495 418 1534 vero,
442 1494 495 1521 ne
518 1492 586 1520 me
609 1479 664 1520 ad
689 1477 798 1519 tales
818 1477 1030 1531 impellite
1052 1492 1234 1533 pugnas.

141 1552 168 1572 ⁶⁶
188 1551 200 1572 ⁶
215 1551 308 1593 Nec
330 1550 442 1592 mihi
464 1564 564 1592 cum
588 1548 765 1590 Teucris
787 1548 931 1589 ullum
953 1553 1051 1603 post
1075 1553 1199 1590 eruta
1218 1548 1384 1590 bellum

140 1622 167 1642 ⁶⁶
185 1622 195 1641 ⁶
212 1621 442 1677 Pergama,
467 1634 545 1661 nec
568 1625 765 1661 veterum
787 1618 970 1660 memini
991 1618 1180 1660 laetorve
1203 1619 1430 1661 malorum.
1476 1619 1564 1660 280

141 1693 168 1713 ⁶⁶
189 1692 200 1712 ⁶
219 1692 417 1746 Munera,
440 1705 552 1746 quae
574 1689 727 1746 patriis
750 1691 805 1732 ad
829 1703 899 1731 me
922 1688 1111 1745 portatis
1133 1688 1187 1730 ab
1210 1688 1307 1744 oris,

141 1763 167 1783 ⁶⁶
187 1762 198 1783 ⁶
214 1762 389 1804 Vertite
411 1762 467 1803 ad
489 1761 684 1803 Aenean.
753 1760 966 1803 Stetimus
991 1759 1079 1801 tela
1101 1773 1253 1814 aspera
1276 1763 1443 1813 contra>

141 1833 168 1853 ⁶⁶
189 1833 198 1853 ⁶
218 1832 586 1887 Contulimusque
607 1845 764 1873 manus
784 1845 792 1874 :
829 1835 1009 1886 experto
1033 1830 1211 1885 credite,
1236 1835 1432 1885 quantus

141 1903 167 1924 ⁶⁶
188 1903 199 1924 ⁶
219 1904 274 1945 In
297 1903 489 1959 clipeum
509 1907 722 1958 assurgat,
747 1916 832 1957 quo
857 1900 1028 1942 turbine
1051 1905 1253 1955 torqueat
1275 1900 1463 1944 hastam.

142 1976 168 1997 ⁶⁶
188 1976 200 1997 ⁶
220 1975 267 2019 Si
287 1976 372 2018 duo
394 1979 621 2031 praeterea
642 1974 754 2016 tales
777 1974 912 2016 Idaea
932 1972 1106 2015 tulisset
1477 1973 1564 2015 285

142 2046 169 2067 ⁶⁶
190 2046 201 2067 ⁶
217 2046 349 2088 Terra
369 2045 496 2101 viros,
531 2043 648 2085 ultro
681 2044 885 2086 Inachias
908 2044 1098 2086 venisset
1120 2044 1177 2085 ad
1198 2044 1326 2086 urbes

142 2116 169 2137 ⁶⁶
190 2116 465 2170 ⁶Dardanus,
489 2121 534 2158 et
559 2114 690 2157 versis
715 2115 884 2170 lugeret
907 2113 1092 2157 Graecia
1114 2114 1233 2157 fatis.

143 2187 169 2207 ⁶⁶
188 2185 198 2206 ⁶
219 2185 442 2240 Quidquid
464 2186 583 2240 apud
606 2185 738 2226 durae
763 2188 981 2226 cessatum
1003 2189 1068 2226 est
1090 2183 1260 2226 moenia
1283 2182 1473 2238 Trojae„

143 2257 170 2278 ⁶⁶
189 2256 200 2277 ⁶
218 2255 419 2298 Hectoris
441 2254 701 2309 Aeneaeque
723 2268 859 2294 manu
881 2252 1061 2295 victoria
1084 2253 1268 2295 Graium

143 2327 170 2349 ⁶⁶
189 2327 200 2348 ⁶
215 2326 372 2369 Haesit
394 2332 438 2368 ct
460 2326 506 2367 in
528 2325 746 2367 decimum
767 2323 953 2378 vestigia
975 2323 1131 2364 retulit
1153 2337 1333 2365 annum.
1478 2323 1566 2365 290

144 2398 171 2419 ⁶⁶
187 2397 199 2419 ⁶
216 2397 362 2440 Ambo
384 2395 552 2450 animis,
578 2394 704 2436 ambo
726 2393 915 2449 insignes
938 2392 1262 2448 praestantibus
1284 2391 1416 2434 armis

143 2469 169 2490 ⁶⁶
191 2469 203 2490 ⁶
219 2468 306 2510 Hic
330 2451 496 2524 pietate
520 2466 646 2522 prior.
713 2464 885 2507 Coeant
906 2463 954 2505 in
975 2463 1146 2505 foedera
1169 2463 1363 2515 dextrae,

144 2539 170 2560 ‘⁶
188 2539 199 2560 ⁶
218 2539 315 2593 Qua
335 2539 494 2591 datur3
529 2541 598 2579 ast
620 2535 750 2579 armis
775 2539 1031 2578 concurrant
1053 2549 1175 2577 arma
1197 2539 1345 2577 cavete
1366 2537 1375 2578 !
1395 2534 1405 2552 '
