1741 2902
550 165 778 197 AENEIDOS
810 166 897 197 LIB.
931 166 1030 197 VIII.

100 276 292 320 Mulcere
314 276 515 330 alternos,
540 279 584 317 et
608 289 782 330 corpora
804 273 965 329 fingere
987 273 1149 329 lingua.

1439 153 1522 197 191

100 347 194 390 Nec
216 347 366 404 procul
386 346 489 388 hinc
514 345 704 388 Romam
727 349 770 387 et
793 349 943 400 raptas
966 344 1057 386 sinc
1080 358 1196 386 more
1221 343 1405 387 Sabinas
1438 344 1526 387 635

102 417 318 460 Consessu
341 430 509 470 caveae,
533 415 703 471 magnis
729 414 1003 457 Circensibus
1027 414 1151 468 actis,

101 487 362 541 Addiderat,
386 485 615 541 subitoque
638 500 801 527 novum
824 499 1078 541 consurgere
1100 485 1267 526 bellum

101 556 348 598 Romulidis
372 555 588 611 Tatioque
613 555 705 598 seni
729 555 1004 611 Curibusque
1028 554 1197 598 severis.

103 627 209 669 Post
232 627 362 681 idem,
387 626 502 668 inter
524 641 567 668 se
590 625 732 682 posito
755 626 1003 680 certamine,
1030 640 1149 682 reges

101 697 277 740 Armati
298 697 423 740 Jovis
445 702 547 739 ante
570 711 689 738 aram
711 701 972 752 paterasque
998 701 1197 738 tenentes

103 769 292 812 Stabant
315 773 359 810 et
382 782 505 810 caesa
521 767 768 824 jungebant
791 767 963 809 foedera
985 781 1125 823 porca.

101 839 237 882 Haud
257 840 408 896 procul
428 839 530 881 inde
554 839 666 881 citae
690 838 864 881 Motum
885 838 931 880 in
952 839 1120 881 diversa
1142 837 1376 895 quadrigae

101 906 446 952 Distulerant-at
467 914 521 951 tu
542 908 686 963 dictis,
710 908 897 963 Albane,
921 923 1117 951 maneres
1133 913 1182 964 1-,

101 980 415 1036 Raptabatque
438 979 519 1021 viri
539 979 760 1022 mendacis
781 979 945 1021 viscera
963 979 1120 1021 Tullus

100 1051 185 1093 Per
206 1050 376 1105 silvam,
400 1055 445 1092 et
468 1049 606 1106 sparsi
626 1049 829 1092 rorabant
852 1049 1062 1106 sanguine
1084 1063 1246 1105 vepres.

99 1121 193 1163 Nec
216 1136 305 1164 non
328 1119 624 1176 Tarquinium
647 1119 836 1175 ejectum
859 1119 1082 1171 Porsenna
1098 1119 1287 1175 jubebat

100 1191 323 1247 Accipere,
348 1190 604 1247 ingentique
626 1190 782 1232 urbem
803 1190 1023 1233 obsidione
1047 1191 1276 1247 premebat
1292 1205 1303 1245 3

99 1260 333 1303 Aeneadae
355 1260 402 1302 in
424 1260 587 1302 ferrum
609 1274 686 1315 pro
708 1260 915 1302 libertate
938 1260 1136 1303 ruebant.

100 1332 237 1374 Illum
258 1331 509 1389 indignanti
531 1331 720 1374 similem
743 1331 1017 1387 similemque
1040 1331 1231 1374 minanti

100 1403 372 1460 Adspiceres,
396 1409 577 1460 pontem
599 1404 780 1445 auderet
798 1403 902 1459 quia
924 1403 1079 1445 vellere
1104 1403 1266 1459 Cocles,

99 1474 160 1516 Et
182 1474 368 1516 fiuvium
389 1473 546 1516 vinclis
567 1473 742 1515 innaret
766 1473 930 1516 Cloelia
951 1474 1104 1529 ruptis.

100 1545 155 1587 In
179 1558 350 1587 summo
372 1548 517 1586 custos
544 1543 756 1599 Tarpeiae
781 1543 975 1586 Manlius
997 1543 1109 1586 arcis

102 1616 261 1660 Stabat
283 1629 359 1671 pro
380 1614 546 1670 templo
569 1619 614 1656 et
639 1613 859 1669 Capitolia
881 1614 995 1656 celsa
1018 1614 1217 1669 tenebat,

100 1686 397 1741 Romuleoque
419 1699 567 1727 recens
590 1684 790 1728 horrebat
813 1685 930 1740 regia
952 1685 1108 1728 culmo.

99 1757 250 1812 Atque
271 1756 341 1798 hic
365 1755 530 1798 auratis
551 1755 739 1798 volitans
761 1761 992 1811 argenteus
1015 1771 1141 1798 anser

101 1827 348 1870 Porticibus
372 1826 523 1869 Gallos
543 1824 592 1868 in
612 1826 763 1886 limine
788 1827 937 1868 adesse
961 1827 1147 1869 canebat
1167 1841 1179 1881 3

101 1896 220 1940 Galli
242 1912 319 1953 per
340 1897 495 1939 dumos
516 1896 712 1952 aderant,
737 1909 967 1952 arcemque
989 1897 1218 1953 tenebant,

74 2022 77 2023 ⁷
100 1967 281 2010 Defensi
302 1967 492 2010 tenebris
516 1972 560 2009 et
584 1968 696 2009 dono
718 1967 860 2009 noctis
883 1981 1070 2023 opacae:

65 2077 68 2081 .
97 2039 246 2082 Aurea
268 2039 477 2082 caesaries
499 2039 594 2081 ollis
617 2043 752 2095 atque
775 2053 906 2081 aurea
929 2038 1088 2093 vestis3

103 2110 294 2167 Vir-gatis
315 2111 464 2152 lucent
489 2110 651 2166 sagulis
668 2124 679 2163 ;
714 2115 810 2152 tum
833 2110 977 2152 lactea
1000 2110 1109 2153 colla

99 2181 222 2223 Auro
242 2181 560 2233 innectuntur3
595 2180 682 2222 duo
704 2179 889 2235 quisque
912 2180 1078 2236 Alpina
1101 2187 1328 2223 coruscant

99 2250 242 2293 Gaesa
263 2264 412 2305 manu,
437 2249 575 2292 scutis
596 2250 782 2306 protecti
803 2264 979 2306 corpora
1000 2251 1151 2307 longis.

99 2321 184 2363 Hic
207 2320 482 2362 exsultantes
507 2319 646 2363 Salios
668 2319 894 2375 nudosque
916 2320 1149 2376 Lupercos,

98 2391 421 2448 Lanigerosque
444 2390 590 2447 apices
607 2396 653 2433 et
674 2391 797 2446 lapsa
819 2391 978 2433 ancilia
999 2392 1115 2434 coelo

98 2461 351 2504 Extuderat
370 2475 381 2515 ;
416 2466 564 2503 castae
587 2461 807 2503 ducebant
831 2476 953 2504 sacra
975 2475 1050 2517 per
1071 2461 1225 2503 urbem

98 2532 284 2574 Pilentis
305 2537 468 2574 matres
490 2532 536 2574 in
557 2532 774 2576 mollibus.
839 2532 956 2574 Hinc
980 2533 1131 2589 procul
1154 2533 1278 2576 addit

100 2602 332 2645 Tartareas
355 2602 492 2645 etiam
513 2603 646 2658 sedes,
670 2604 763 2645 alta
785 2603 896 2645 ostia
920 2603 1052 2659 Ditis,

1438 695 1527 738 640

1442 1048 1530 1092 645

1444 1403 1532 1447 650

1443 1757 1530 1801 655

1442 2112 1529 2155 660

1438 2464 1526 2508 665
