1741 2902
637 105 867 135 AENEIDos
898 106 984 137 ΜΒ.
1019 107 1082 137 xl.
1487 96 1575 141 249

150 213 178 236 “
196 214 462 257 Vulneribus
483 213 662 270 pulsum
684 214 910 270 adspicies,
934 228 1012 257 nec
1036 215 1199 271 sospite
1222 214 1368 258 dirum

149 287 176 307 “
198 286 386 343 Optabis
407 290 512 328 nato
532 285 666 328 funus
688 292 826 343 pater.
891 286 978 328 Hei
1000 287 1121 342 mihi,
1147 292 1368 343 quantum

149 358 177 378 ‘⁴
196 357 470 400 Praesidium
495 357 708 413 Ausonia,
733 364 777 401 et
800 364 1020 414 quantum
1044 365 1095 401 tu
1116 356 1278 416 perdis,
1304 360 1401 402 Iule
1420 364 1428 404 Ξ
1446 363 1470 379 ”

149 428 269 470 Haec
293 426 370 469 ubi
392 427 584 483 deflevit,
610 428 710 470 tolli
732 428 976 471 miserabile
999 444 1156 485 corpus

148 499 348 555 Imperat
371 504 416 541 et
438 503 535 542 toto
551 499 686 542 lectos
709 514 764 542 ex
786 501 959 557 agmine
981 501 1125 543 mittit
1522 503 1576 546 60

149 569 272 613 Mille
295 572 421 626 viros,
446 571 524 627 qui
547 585 805 627 supremum
827 571 1096 614 comitentur
1118 572 1335 629 honorem,

148 642 448 698 Intersintque
472 642 609 699 patris
632 643 836 697 lacrimis,
863 643 1017 686 solatia
1038 643 1187 687 luctus

147 712 323 769 Exigua
345 713 553 770 ingentis,
577 714 733 757 misero
756 715 830 757 sed
852 715 1002 757 debita
1024 715 1155 771 patri.

148 783 284 826 Haud
308 799 458 841 segnes
480 785 555 827 alii
577 790 718 828 crates
742 791 786 828 et
809 786 938 828 molle
959 786 1169 828 feretrum

148 855 360 898 Arbuteis
382 861 544 898 texunt
567 856 697 912 virgis
720 862 765 899 et
788 857 951 914 vimine
976 871 1154 912 querno,
1520 859 1576 902 65

148 926 497 982 Exstructosque
520 932 635 969 toros
658 928 844 969 obtentu
867 927 1030 970 frondis
1052 928 1319 972 inumbrant.

149 995 233 1038 Hic
251 995 462 1051 juvenem
484 997 644 1053 agresti
667 997 901 1039 sublimem
924 997 1132 1039 stramine
1152 1004 1338 1054 ponunt,

150 1066 335 1119 Qualem
357 1067 546 1124 virgineo
569 1068 816 1110 demessum
838 1068 994 1125 pollice
1016 1068 1167 1111 florem

150 1137 237 1180 Seu
259 1136 403 1181 mollis
425 1138 563 1181 violae
586 1153 663 1181 seu
684 1139 935 1196 languentis
957 1139 1197 1196 hyacinthi,

151 1208 235 1252 Oui
257 1224 397 1266 neque
418 1210 562 1266 fulgor
583 1210 727 1252 adhuc
749 1225 826 1253 nec
850 1211 957 1254 dum
980 1225 1057 1254 sua
1078 1211 1219 1254 forma
1242 1213 1434 1269 recessit,
1520 1211 1578 1257 70

149 1279 249 1322 Non
265 1279 359 1335 jam
381 1285 524 1322 mater
544 1280 624 1323 alit
647 1281 778 1323 tellus
800 1280 999 1337 viresque
1021 1281 1257 1326 ministrat.

152 1351 269 1393 Tum
290 1351 485 1407 geminas
508 1356 648 1394 vestes
671 1366 862 1407 auroque
885 1356 1086 1407 ostroque
1108 1352 1296 1408 rigentes

150 1422 329 1464 Extulit
352 1422 540 1478 Aeneas,
565 1437 673 1478 quas
690 1423 755 1465 illi
776 1413 895 1465 laeta
916 1423 1114 1465 laborum

151 1492 254 1548 Ipsa
278 1492 365 1535 suis
388 1494 611 1548 quondam
631 1493 835 1535 manibus
861 1493 1037 1536 Sidonia
1061 1494 1176 1537 Dido

151 1563 348 1618 Fecerat,
372 1569 417 1605 et
440 1563 565 1605 tenui
587 1563 699 1605 telas
722 1563 981 1605 discreverat
1004 1579 1125 1607 auro.
1521 1562 1578 1609 75

151 1635 325 1677 Harum
347 1649 483 1676 unam
500 1634 653 1690 juveni
676 1649 929 1691 supremum
951 1640 1147 1678 maestus
1168 1635 1376 1678 honorem

152 1705 322 1760 Induit,
347 1720 602 1760 arsurasque
625 1720 770 1747 comas
792 1705 976 1748 obnubit
1000 1706 1168 1748 amictu
1186 1720 1197 1759 ;

155 1775 388 1831 Multaque
411 1780 635 1831 praeterea
656 1774 893 1817 Laurentis
915 1776 1109 1832 praemia
1132 1791 1306 1832 pugnae

152 1845 349 1902 Aggerat
373 1851 417 1887 et
438 1845 566 1902 longo
588 1845 796 1901 praedam
811 1845 940 1901 jubet
965 1846 1111 1888 ordine
1134 1846 1248 1890 duci.

154 1917 295 1959 Addit
317 1932 450 1973 equos
472 1922 517 1960 et
539 1917 644 1973 tela,
668 1917 826 1973 quibus
850 1917 1109 1974 spoliaverat
1131 1918 1315 1962 hostem.
1523 1919 1581 1962 80

154 1987 372 2030 Vinxerat
395 1993 439 2030 et
461 1992 561 2044 post
587 1993 707 2044 terga
728 2002 899 2043 manus,
924 2002 1030 2043 quos
1053 1988 1251 2031 mitteret
1273 1989 1438 2031 umbris

156 2057 353 2112 Inferias,
377 2072 501 2100 caeso
525 2072 752 2114 sparsurus
775 2057 986 2114 sanguine
1008 2058 1235 2101 flammam
1255 2073 1266 2113 3

155 2127 430 2183 Indutosque
448 2127 575 2183 jubet
598 2133 775 2170 truncos
797 2128 1029 2171 hostilibus
1051 2129 1182 2172 armis

156 2199 279 2254 >Ipsos
297 2198 405 2240 ferre
426 2199 572 2252 duces,
596 2197 860 2253 inimicaque
882 2198 1060 2240 nomina
1080 2199 1168 2255 figi.

159 2268 348 2310 Ducitur
368 2267 520 2310 infelix
543 2282 647 2317 aevo
670 2267 891 2310 confectus
914 2268 1116 2323 Acoetes,
1525 2268 1582 2313 85

157 2339 341 2381 Pectora
363 2353 479 2380 nunc
502 2338 679 2380 foedans
701 2338 874 2394 pugnis,
898 2352 1013 2380 nunc
1036 2339 1258 2394 unguibus
1281 2353 1378 2383 ora:

159 2409 381 2452 Sternitur
402 2414 446 2451 et
468 2414 561 2451 toto
582 2407 800 2465 projectus
822 2422 994 2464 corpore
1017 2414 1170 2452 terrae.

159 2480 343 2523 Ducunt
366 2485 410 2522 et
434 2480 601 2521 Rutulo
624 2479 820 2535 perfusos
843 2479 1055 2535 sanguine
1077 2494 1239 2523 currus.

160 2552 267 2595 Post
289 2552 477 2595 bellator
499 2565 648 2607 equus,
673 2550 826 2607 positis
848 2550 1104 2607 insignibus,
1130 2550 1321 2607 Aethon,

448 2617 518 2657 11*
