1741 2902
610 144 836 176 AENEIDos
871 144 956 174 121ss.
993 144 1072 175 ΧΠ.
1467 129 1548 173 281

127 255 155 278 “
172 257 302 318 Sacra
324 257 510 311 deosque
532 254 643 297 dabo
665 269 674 308 ;
710 268 828 296 socer
850 267 970 295 arma
993 251 1182 294 Latinus
1204 250 1380 305 habeto,

127 327 155 349 ‘⁶
174 319 420 384 Imperium
442 324 637 380 solenine'
657 340 796 370 socer:
831 323 941 366 mihi
963 324 1134 365 moenia
1158 322 1316 364 Teucri

128 397 155 418 ‘⁴
173 398 470 452 Constituent,
495 385 679 450 urbique
703 395 827 437 dabit
851 393 1034 436 Lavinia
1059 395 1255 436 nomen.''

127 469 196 512 Sic
221 468 334 524 prior
355 467 527 509 Aeneas
548 480 557 519 3
594 466 789 521 sequitur
813 466 870 507 sic
894 465 1049 514 deindo
1074 463 1276 518 Latinus,
1465 463 1550 507 ‚195

127 539 379 594 Suspiciens
402 538 586 592 coelum,
612 536 841 591 tenditque
865 537 921 578 ad
944 536 1083 578 sidera
1105 536 1332 578 dextram:

127 609 155 630 ‘⁶
174 609 296 651 Haec
320 609 486 663 eadem,
511 607 676 661 Aenea,
704 607 901 662 Terram,
926 605 1060 660 Mare,
1088 606 1249 657 Sidera,
1270 605 1384 661 juro,

128 679 154 701 “
173 679 456 735 Latonaeque
479 694 617 735 genus
640 677 822 733 duplex,
841 677 872 720 J
876 692 1097 733 anumque
1119 677 1372 738 bifrogtem,

129 750 156 770 ‘⁵
175 750 368 806 Vimque
392 751 524 792 deum
545 749 764 791 infernam
786 754 830 790 et
853 748 950 790 duri
974 748 1159 790 sacraria
1183 747 1316 791 Ditis.

129 820 156 841 “
177 817 346 863 Audiat
368 821 475 862 haec
501 819 698 874 Genitor,
723 819 799 874 qui
820 818 990 860 foedera
1012 818 1197 860 fulmine
1221 817 1373 860 sancit.
1467 816 1557 858 200

131 891 159 912 “
177 891 329 948 Tango
351 906 461 946 aras,
486 891 650 933 medios
671 890 793 946 ignes
818 894 861 931 et
886 881 1069 945 numina
1091 893 1226 930 testor
1245 903 1254 931 :

130 962 157 983 ‘⁶
175 962 314 1004 Nulla
337 963 428 1004 dies
450 975 605 1018 pacem
626 961 739 1002 hanc
764 960 893 1028 RELHS
915 975 993 1001 nec
1016 960 1186 1001 foedera
1208 964 1404 1015 rumpet,

124 1033 158 1069 Ξ(
175 1035 270 1087 Quo
293 1049 358 1076 res
381 1047 567 1088 cumque
590 1032 750 1075 cadent
771 1045 781 1085 ;
815 1045 895 1073 nec
920 1045 988 1072 me
1011 1031 1076 1073 vis
1100 1031 1190 1072 ulla
1212 1031 1437 1072 volentem

129 1103 156 1125 “
173 1104 358 1146 Avertet
379 1118 389 1158 3
424 1118 524 1158 non,
550 1103 585 1145 si
608 1102 812 1145 tellurem
835 1100 1032 1151 offundat
1055 1100 1102 1142 in
1122 1100 1279 1155 undas,

130 1173 159 1195 ‘⁶
180 1174 361 1216 Diluvio
382 1174 586 1228 miscens,
611 1172 866 1227 coelumque
888 1171 934 1213 in
959 1171 1143 1213 Tartara
1166 1169 1332 1214 solvat:
1470 1170 1558 1213 205

130 1245 159 1266 ‘⁴
178 1245 246 1288 Ut
271 1249 493 1300 sceptrum
515 1243 594 1286 hoc
609 1245 655 1275 '’-
666 1243 823 1285 dextra
847 1246 1067 1298 sceptrum
1091 1256 1194 1283 nam
1215 1241 1328 1284 forte
1350 1240 1558 1297 gerebat-

130 1315 158 1336 “
175 1316 437 1371 Numquam
459 1314 608 1357 fronde
630 1314 715 1356 levi
736 1305 895 1355 fundet
920 1312 1110 1369 virgulta
1131 1327 1210 1354 nec
1233 1312 1424 1366 umbras,

130 1386 158 1407 “
178 1387 330 1440 Quum
351 1386 488 1444 semel¹
505 1385 552 1427 in
575 1385 692 1427 silvis
715 1384 803 1426 imo
826 1384 878 1426 de
902 1383 1035 1439 stirpe
1059 1383 1244 1425 recisum

131 1456 321 1499 “Matre
344 1462 476 1512 caret,
500 1455 735 1524 pos-uitque
758 1469 904 1515 cQas
928 1458 972 1495 et
994 1454 1174 1514 bragbia
1196 1453 1317 1507 ferro,

132 1527 159 1548 ‘⁶
181 1526 462 1581 Olimarbos,
486 1540 604 1567 nunc
628 1524 806 1567 artificis
828 1539 985 1566 manus
1007 1538 1105 1566 aere
1128 1524 1280 1566 decoro
1471 1521 1560 1563 210

132 1598 159 1619 “
178 1597 381 1652 Inclusit,
407 1596 692 1653 patribusque
714 1595 836 1637 dedit
859 1598 1029 1650 gestare
1052 1593 1267 1637 Latinis.”

132 1669 314 1711 Talibus
338 1668 453 1710 inter
475 1681 518 1709 se
540 1666 775 1708 firmabant
797 1665 970 1706 foedera
991 1664 1120 1706 dictis

134 1740 393 1796 Conspectu·
406 1739 451 1780 in
474 1737 618 1779 medio
639 1750 865 1793 procerum
886 1749 897 1789 J
933 1740 1031 1777 tum
1052 1735 1134 1777 rite
1158 1738 1350 1777 sacratas

132 1812 189 1853 In
211 1811 440 1853 flammam
457 1808 668 1865 jugulant
690 1807 892 1863 pecudes,
916 1812 960 1848 et
982 1806 1146 1848 viscera
1169 1792 1279 1847 {ivis

133 1881 358 1939 Eripiunt,
383 1880 701 1934 cumulantque
725 1877 913 1920 oneratis
934 1876 1132 1919 lancibus
1156 1890 1267 1920 aras.
1471 1874 1561 1917 215

224 1954 290 1996 At
312 1967 410 1995 vero
434 1950 616 1994 Rutulis
637 1950 782 2006 impar
803 1964 854 1992 ea
875 1963 1026 2006 pugna
1047 1947 1183 1990 videri

133 2024 165 2067 J
168 2024 410 2067 amdudum
429 2027 473 2064 et
494 2021 612 2080 vario
635 2020 807 2063 misceri
829 2024 1006 2076 pectora
1028 2024 1169 2075 motu,

135 2095 254 2137 Tum
277 2093 431 2150 magis,
455 2098 508 2135 ut
529 2084 606 2148 pro
611 2092 709 2148 pius
731 2095 916 2133 cernunt
938 2104 1026 2132 non
1045 2089 1210 2131 viribus
1233 2087 1395 2144 aequis,

135 2166 336 2222 Adjuvat
358 2163 682 2223 incessutacito
703 2175 954 2219 progressus
976 2166 1020 2203 et
1043 2174 1164 2203 aram

137 2235 406 2293 Suppliciter
427 2247 635 2275 venerans
657 2232 844 2274 demisso
864 2230 1031 2272 lumine
1057 2229 1246 2282 Turnus,
1475 2225 1563 2267 220

136 2308 443 2361 Tabentesque
466 2318 602 2361 genae
624 2309 668 2345 et
685 2301 883 2358 juvenali
903 2302 948 2343 in
971 2315 1143 2356 corpore
1167 2299 1322 2355 pallor.

137 2379 277 2432 Quem
302 2376 432 2419 simul
454 2390 505 2417 ac
527 2373 725 2417 Juturna
747 2386 861 2415 soror
883 2372 1142 2414 crebrescere
1163 2368 1275 2412 vidit-

139 2450 389 2494 Sermonem
412 2452 455 2489 et
477 2446 600 2502 vulgi
620 2445 786 2487 variare
807 2443 1007 2486 labantia
1030 2442 1157 2484 corda
1178 2455 1188 2495 ;

137 2519 192 2563 In
213 2518 379 2561 medias
401 2517 530 2570 acies,
553 2516 739 2558 formam
762 2513 1018 2557 assimulata
1042 2511 1250 2567 Camerti,

139 2590 224 2634 Oui
245 2603 381 2646 genus
403 2602 429 2630 a
450 2587 621 2644 proavis
642 2586 795 2643 ingens
817 2585 1070 2640 clarumque
1091 2588 1299 2639 paternae
1474 2581 1563 2626 225
