1757 2916
133 145 219 189 152
615 159 844 190 AENEIDos
877 160 964 191 ΜΒ.
999 160 1079 191 vn.

126 265 398 323 Moliturque
419 266 579 323 locum,
603 267 853 324 primasque
874 268 922 311 in
944 268 1071 311 litore
1094 270 1216 312 sedes

126 336 382 381 Castrorum
404 337 450 380 in
474 352 640 381 morem
661 339 808 396 pinnis
830 345 966 396 atque
989 355 1144 397 aggere
1167 340 1318 397 cingit.

123 408 316 465 Jamque
339 409 425 451 iter
445 410 624 465 emensi,
650 416 790 453 turres
813 425 864 452 ac
886 415 1007 453 tecta
1030 410 1292 454 Latinorum
1475 409 1563 453 160

125 478 279 521 Ardua
302 480 539 522 cernebant
555 480 753 535 juvenes,
777 495 990 536 muroque
1014 482 1246 525 subibant:

123 549 246 592 Ante
269 550 424 592 urbem
445 550 572 606 pueri
594 555 638 593 et
661 550 883 606 primaevo
904 551 1008 593 flore
1024 551 1240 607 juventus

124 620 402 663 Exercentur
425 620 561 676 equis,
586 621 899 676 domitantque
922 621 968 663 in
990 622 1170 677 pulvere
1193 637 1359 676 currus,

124 691 220 734 Aut
244 705 363 734 acres
387 690 581 733 tendunt
605 706 745 747 arcus,
769 696 849 734 aut
870 691 994 735 lenta
1013 692 1187 735 lacertis

125 761 304 818 Spicula
327 767 635 818 contorquent,
660 776 878 819 cursuque
900 763 1080 820 ictuque
1102 764 1328 807 lacessunt
1345 778 1357 819 ;
1475 765 1561 809 165

124 832 275 885 Quum
297 838 555 889 praevectus
578 847 688 889 equo
709 833 911 891 longaevi
933 834 1044 892 regis
1068 835 1125 878 ad
1147 849 1273 878 aures

122 902 322 946 Nuntius
344 903 546 961 ingentes
568 905 720 962 ignota
741 904 789 948 in
809 910 931 948 veste
954 911 1150 963 reportat

123 975 367 1019 Advenisse
389 976 516 1020 viros.
581 977 663 1019 Ille
686 976 806 1019 intra
829 982 951 1020 tecta
973 978 1119 1021 vocari

123 1047 336 1104 Imperat,
361 1052 406 1090 et
430 1047 534 1091 solio
556 1048 728 1091 medius
751 1049 946 1092 consedit
965 1049 1095 1094 avito.

124 1118 315 1161 Tectum
336 1123 596 1175 augustum,
619 1119 789 1176 ingens,
813 1125 994 1162 centum
1017 1120 1204 1163 sublime
1228 1119 1455 1177 columnis,
1477 1117 1564 1164 170

124 1188 245 1232 Urbe
268 1189 357 1232 fuit
380 1204 567 1246 summa,
592 1190 829 1233 Laurentis
852 1191 970 1248 regia
993 1191 1108 1246 Pici,

125 1260 408 1303 Horrendum
430 1261 548 1304 silvis
571 1266 616 1304 et
641 1262 845 1319 religione
869 1268 1118 1320 parentum.

124 1331 211 1374 Hic
235 1337 409 1389 sceptra
431 1332 626 1389 accipere
649 1341 693 1375 et
716 1333 880 1390 primos
902 1335 1103 1377 attollere
1125 1335 1263 1378 fasces

124 1403 320 1460 Regibus
343 1419 469 1445 omen
491 1409 586 1446 erat
602 1419 613 1458 ;
647 1404 728 1447 hoc
752 1404 838 1447 illis
862 1405 983 1447 curia
1006 1407 1240 1463 templum,

125 1475 222 1517 Hae
246 1475 376 1517 sacris
399 1476 518 1517 sedes
542 1474 682 1531 epulis
702 1489 713 1530 3
748 1475 819 1518 hic
840 1475 976 1519 ariete
999 1491 1124 1520 caeso
1478 1477 1564 1524 175

124 1533 357 1602 Perpetuis
380 1545 497 1587 soliti
519 1551 666 1602 patres
689 1546 910 1589 considere
933 1548 1108 1592 mensis.

125 1616 242 1670 Quin
266 1617 402 1659 ctiam
423 1623 625 1660 veterum
648 1602 889 1675 effigies-ex
911 1619 1058 1662 ordine
1081 1635 1263 1663 avorum

124 1687 328 1744 Antiqua
352 1703 374 1730 e
397 1689 538 1744 cedro,
563 1688 812 1745 Italusque,
836 1695 1050 1747 paterque
1075 1691 1278 1747 Sabinus,

127 1759 347 1802 Vitisator
369 1775 549 1802 curvam
572 1775 748 1803 servans
771 1761 852 1804 sub
874 1761 1065 1818 imagine
1087 1762 1261 1818 falcem,

126 1830 432 1886 Saturnusque
456 1845 601 1886 seneX,
625 1831 822 1887 Janique
845 1832 1047 1875 bifrontis
1070 1833 1229 1890 imago,
1478 1835 1565 1878 180

126 1900 361 1943 Vcstibulo
383 1901 639 1956 adstabant,
664 1901 825 1957 aliique
848 1902 903 1944 ab
927 1903 1088 1959 origine
1112 1918 1245 1961 reges,

126 1971 288 2014 Martia
309 1971 387 2027 qui
408 1971 463 2014 ob
485 1971 675 2027 patriam
698 1973 935 2029 pugnando
957 1974 1141 2017 vulnera
1162 1975 1290 2032 passi.

127 2042 359 2098 Multaque
382 2047 605 2098 praeterea
628 2042 758 2085 sacris
780 2043 826 2085 in
849 2044 1050 2100 postibus
1073 2061 1211 2102 arma,

127 2114 307 2170 Captivi
329 2114 524 2170 pendent
547 2128 716 2170 currus,
743 2129 988 2172 curvaeque
1011 2132 1179 2160 secures

127 2186 187 2228 Et
211 2185 369 2228 cristae
391 2185 608 2242 capitum,
633 2190 676 2228 ct
700 2192 929 2242 porta—rum
950 2187 1150 2244 ingentia
1173 2189 1380 2246 claustra,
1478 2190 1566 2235 185

129 2256 395 2313 Spiculaque
419 2256 634 2313 clipeique
657 2262 895 2314 ereptaque
919 2265 1056 2302 rostra
1081 2260 1249 2304 carinis.

128 2328 230 2383 lpse
257 2326 475 2381 Quirinali
495 2327 608 2370 lituo
629 2342 850 2384 parvaque
874 2330 1053 2373 sedebat

130 2398 394 2441 Succinctus
417 2398 584 2454 trabea,
607 2399 818 2455 laevaque
841 2400 979 2443 ancile
1001 2402 1184 2458 gerebat

130 2469 277 2524 Picus,
303 2474 466 2525 cqusnn
489 2470 694 2524 domitor3
715 2484 848 2525 quem
871 2477 1004 2528 capta
1026 2473 1233 2529 cupidine
1256 2472 1432 2529 conjux,

131 2541 280 2584 Aurea
302 2555 560 2597 percussum
582 2541 703 2598 virga
724 2556 985 2598 versumque
1010 2543 1200 2599 venenis,
1480 2544 1567 2589 190

134 2612 260 2655 Fecit
283 2626 409 2655 avem
434 2612 572 2668 Circe,
597 2612 844 2670 sparsitque
867 2613 1079 2656 coloribus
1101 2614 1204 2657 alas.
