<?xml version="1.0" encoding="UTF-8"?>
<!DOCTYPE html PUBLIC "-//W3C//DTD XHTML 1.0 Transitional//EN"
    "http://www.w3.org/TR/xhtml1/DTD/xhtml1-transitional.dtd">
<html xmlns="http://www.w3.org/1999/xhtml" xml:lang="en" lang="en">
 <head>
  <title>
</title>
<meta http-equiv="Content-Type" content="text/html;charset=utf-8" />
  <meta name='ocr-system' content='tesseract 3.04.00' />
  <meta name='ocr-capabilities' content='ocr_page ocr_carea ocr_par ocr_line ocrx_word'/>
</head>
<body>
  <div class='ocr_page' id='page_1' title='image "aeneidfri00virguoft_0034.png"; bbox 0 0 1778 2937; ppageno 0'>
   <div class='ocr_carea' id='block_1_1' title="bbox 197 121 1126 164">
    <p class='ocr_par' dir='ltr' id='par_1_1' title="bbox 197 121 1126 164">
     <span class='ocr_line' id='line_1_1' title="bbox 197 121 1126 164; baseline -0.004 0"><span class='ocrx_word' id='word_1_1' title='bbox 197 121 224 164; x_wconf 90' lang='lat'>8</span> <span class='ocrx_word' id='word_1_2' title='bbox 714 130 944 161; x_wconf 73' lang='lat' dir='ltr'>AENEIDOS</span> <span class='ocrx_word' id='word_1_3' title='bbox 976 129 1063 160; x_wconf 86' lang='lat' dir='ltr'>LlB.</span> <span class='ocrx_word' id='word_1_4' title='bbox 1098 129 1126 160; x_wconf 76' lang='lat'>1,</span> 
     </span>
    </p>
   </div>
   <div class='ocr_carea' id='block_1_2' title="bbox 193 236 1476 2642">
    <p class='ocr_par' dir='ltr' id='par_1_2' title="bbox 196 236 1394 369">
     <span class='ocr_line' id='line_1_2' title="bbox 197 236 1394 298; baseline -0.003 -14"><span class='ocrx_word' id='word_1_5' title='bbox 197 240 488 285; x_wconf 83' lang='lat' dir='ltr'>Contendunt</span> <span class='ocrx_word' id='word_1_6' title='bbox 509 245 673 298; x_wconf 85' lang='lat' dir='ltr'>petere,</span> <span class='ocrx_word' id='word_1_7' title='bbox 698 244 742 283; x_wconf 90' lang='lat' dir='ltr'>et</span> <span class='ocrx_word' id='word_1_8' title='bbox 766 238 931 295; x_wconf 79' lang='lat' dir='ltr'>Libyae</span> <span class='ocrx_word' id='word_1_9' title='bbox 953 241 1189 280; x_wconf 77' lang='lat' dir='ltr'>vertuntur</span> <span class='ocrx_word' id='word_1_10' title='bbox 1209 236 1267 279; x_wconf 89' lang='lat' dir='ltr'>ad</span> <span class='ocrx_word' id='word_1_11' title='bbox 1289 251 1394 281; x_wconf 87' lang='lat' dir='ltr'>oras.</span> 
     </span>
     <span class='ocr_line' id='line_1_3' title="bbox 196 308 1244 369; baseline -0.006 -13"><span class='ocrx_word' id='word_1_12' title='bbox 196 313 279 356; x_wconf 86' lang='lat' dir='ltr'>Est</span> <span class='ocrx_word' id='word_1_13' title='bbox 302 313 348 356; x_wconf 89' lang='lat' dir='ltr'>in</span> <span class='ocrx_word' id='word_1_14' title='bbox 371 327 543 356; x_wconf 89' lang='lat' dir='ltr'>secessu</span> <span class='ocrx_word' id='word_1_15' title='bbox 563 312 693 369; x_wconf 92' lang='lat' dir='ltr'>longo</span> <span class='ocrx_word' id='word_1_16' title='bbox 715 312 863 354; x_wconf 88' lang='lat' dir='ltr'>locus:</span> <span class='ocrx_word' id='word_1_17' title='bbox 899 308 1045 352; x_wconf 90' lang='lat' dir='ltr'>insula</span> <span class='ocrx_word' id='word_1_18' title='bbox 1066 313 1244 364; x_wconf 86' lang='lat' dir='ltr'>portum</span> 
     </span>
    </p>

    <p class='ocr_par' dir='ltr' id='par_1_3' title="bbox 194 379 1476 1077">
     <span class='ocr_line' id='line_1_4' title="bbox 195 379 1323 440; baseline -0.005 -13"><span class='ocrx_word' id='word_1_19' title='bbox 195 384 349 427; x_wconf 87' lang='lat' dir='ltr'>Efficit</span> <span class='ocrx_word' id='word_1_20' title='bbox 372 383 547 440; x_wconf 86' lang='lat' dir='ltr'>objectu</span> <span class='ocrx_word' id='word_1_21' title='bbox 568 384 774 438; x_wconf 86' lang='lat' dir='ltr'>laterum,</span> <span class='ocrx_word' id='word_1_22' title='bbox 800 381 963 437; x_wconf 89' lang='lat' dir='ltr'>quibus</span> <span class='ocrx_word' id='word_1_23' title='bbox 986 379 1130 423; x_wconf 89' lang='lat' dir='ltr'>omnis</span> <span class='ocrx_word' id='word_1_24' title='bbox 1152 379 1208 422; x_wconf 89' lang='lat' dir='ltr'>ab</span> <span class='ocrx_word' id='word_1_25' title='bbox 1232 379 1323 422; x_wconf 89' lang='lat' dir='ltr'>alto</span> 
     </span>
     <span class='ocr_line' id='line_1_5' title="bbox 196 450 1413 513; baseline -0.003 -15"><span class='ocrx_word' id='word_1_26' title='bbox 196 455 436 513; x_wconf 78' lang='lat' dir='ltr'>Frangitur</span> <span class='ocrx_word' id='word_1_27' title='bbox 457 455 590 511; x_wconf 88' lang='lat' dir='ltr'>inque</span> <span class='ocrx_word' id='word_1_28' title='bbox 615 454 736 497; x_wconf 87' lang='lat' dir='ltr'>sinus</span> <span class='ocrx_word' id='word_1_29' title='bbox 759 451 919 496; x_wconf 76' lang='lat' dir='ltr'><strong>scindit</strong></span> <span class='ocrx_word' id='word_1_30' title='bbox 943 464 1033 494; x_wconf 88' lang='lat' dir='ltr'>sese</span> <span class='ocrx_word' id='word_1_31' title='bbox 1055 450 1178 493; x_wconf 89' lang='lat' dir='ltr'>unda</span> <span class='ocrx_word' id='word_1_32' title='bbox 1200 451 1413 495; x_wconf 86' lang='lat' dir='ltr'>reductos.</span> 
     </span>
     <span class='ocr_line' id='line_1_6' title="bbox 196 521 1457 582; baseline -0.004 -12"><span class='ocrx_word' id='word_1_33' title='bbox 196 527 313 570; x_wconf 90' lang='lat' dir='ltr'>Hinc</span> <span class='ocrx_word' id='word_1_34' title='bbox 337 532 473 582; x_wconf 82' lang='lat' dir='ltr'>atque</span> <span class='ocrx_word' id='word_1_35' title='bbox 495 525 597 568; x_wconf 91' lang='lat' dir='ltr'>hinc</span> <span class='ocrx_word' id='word_1_36' title='bbox 620 530 771 567; x_wconf 86' lang='lat' dir='ltr'>vastae</span> <span class='ocrx_word' id='word_1_37' title='bbox 795 537 927 580; x_wconf 89' lang='lat' dir='ltr'>rupes</span> <span class='ocrx_word' id='word_1_38' title='bbox 950 521 1203 579; x_wconf 80' lang='lat' dir='ltr'>geminique</span> <span class='ocrx_word' id='word_1_39' title='bbox 1226 522 1457 565; x_wconf 88' lang='lat' dir='ltr'>minantur</span> 
     </span>
     <span class='ocr_line' id='line_1_7' title="bbox 197 593 1261 653; baseline -0.004 -14"><span class='ocrx_word' id='word_1_40' title='bbox 197 597 250 640; x_wconf 92' lang='lat' dir='ltr'>In</span> <span class='ocrx_word' id='word_1_41' title='bbox 274 598 443 640; x_wconf 91' lang='lat' dir='ltr'>coelum</span> <span class='ocrx_word' id='word_1_42' title='bbox 467 596 650 653; x_wconf 76' lang='lat' dir='ltr'>scopuli,</span> <span class='ocrx_word' id='word_1_43' title='bbox 674 609 863 652; x_wconf 85' lang='lat' dir='ltr'>quorum</span> <span class='ocrx_word' id='word_1_44' title='bbox 886 593 967 637; x_wconf 91' lang='lat' dir='ltr'>sub</span> <span class='ocrx_word' id='word_1_45' title='bbox 989 593 1150 636; x_wconf 83' lang='lat' dir='ltr'>vertice</span> <span class='ocrx_word' id='word_1_46' title='bbox 1170 593 1261 636; x_wconf 90' lang='lat' dir='ltr'>late</span> 
     </span>
     <span class='ocr_line' id='line_1_8' title="bbox 196 664 1350 724; baseline -0.003 -13"><span class='ocrx_word' id='word_1_47' title='bbox 196 669 402 724; x_wconf 83' lang='lat' dir='ltr'>Aequora</span> <span class='ocrx_word' id='word_1_48' title='bbox 424 672 527 710; x_wconf 83' lang='lat' dir='ltr'>tuta</span> <span class='ocrx_word' id='word_1_49' title='bbox 549 667 679 710; x_wconf 87' lang='lat' dir='ltr'>silent</span> <span class='ocrx_word' id='word_1_50' title='bbox 698 679 710 721; x_wconf 81' lang='lat'><em>3</em></span> <span class='ocrx_word' id='word_1_51' title='bbox 745 671 846 708; x_wconf 92' lang='lat' dir='ltr'>tum</span> <span class='ocrx_word' id='word_1_52' title='bbox 868 664 987 708; x_wconf 80' lang='lat' dir='ltr'>silvis</span> <span class='ocrx_word' id='word_1_53' title='bbox 1011 678 1140 707; x_wconf 88' lang='lat' dir='ltr'>scena</span> <span class='ocrx_word' id='word_1_54' title='bbox 1162 665 1350 708; x_wconf 81' lang='lat' dir='ltr'>coruscis</span> 
     </span>
     <span class='ocr_line' id='line_1_9' title="bbox 196 735 1476 795; baseline -0.002 -14"><span class='ocrx_word' id='word_1_55' title='bbox 196 738 397 795; x_wconf 85' lang='lat' dir='ltr'>Desuper</span> <span class='ocrx_word' id='word_1_56' title='bbox 417 736 700 793; x_wconf 74' lang='lat' dir='ltr'>horrentique</span> <span class='ocrx_word' id='word_1_57' title='bbox 723 741 873 779; x_wconf 90' lang='lat' dir='ltr'>atrum</span> <span class='ocrx_word' id='word_1_58' title='bbox 895 750 1053 779; x_wconf 90' lang='lat' dir='ltr'>nemus</span> <span class='ocrx_word' id='word_1_59' title='bbox 1075 735 1281 779; x_wconf 90' lang='lat' dir='ltr'>imminet</span> <span class='ocrx_word' id='word_1_60' title='bbox 1304 735 1476 780; x_wconf 81' lang='lat' dir='ltr'>umbra.</span> 
     </span>
     <span class='ocr_line' id='line_1_10' title="bbox 194 807 1433 864; baseline -0.001 -13"><span class='ocrx_word' id='word_1_61' title='bbox 194 808 357 852; x_wconf 80' lang='lat' dir='ltr'>Fronte</span> <span class='ocrx_word' id='word_1_62' title='bbox 380 808 461 851; x_wconf 89' lang='lat' dir='ltr'>sub</span> <span class='ocrx_word' id='word_1_63' title='bbox 483 808 664 851; x_wconf 85' lang='lat' dir='ltr'>adversa</span> <span class='ocrx_word' id='word_1_64' title='bbox 687 807 878 864; x_wconf 90' lang='lat' dir='ltr'>scopulis</span> <span class='ocrx_word' id='word_1_65' title='bbox 900 807 1198 864; x_wconf 77' lang='lat' dir='ltr'>pendentibus</span> <span class='ocrx_word' id='word_1_66' title='bbox 1221 812 1401 850; x_wconf 81' lang='lat' dir='ltr'>antrum</span> <span class='ocrx_word' id='word_1_67' title='bbox 1422 821 1433 862; x_wconf 86' lang='lat'>;</span> 
     </span>
     <span class='ocr_line' id='line_1_11' title="bbox 194 878 1190 935; baseline 0 -14"><span class='ocrx_word' id='word_1_68' title='bbox 194 879 323 921; x_wconf 83' lang='lat' dir='ltr'>Intus</span> <span class='ocrx_word' id='word_1_69' title='bbox 347 892 487 935; x_wconf 88' lang='lat' dir='ltr'>aquae</span> <span class='ocrx_word' id='word_1_70' title='bbox 511 878 664 922; x_wconf 88' lang='lat' dir='ltr'>dulces</span> <span class='ocrx_word' id='word_1_71' title='bbox 685 878 871 934; x_wconf 84' lang='lat' dir='ltr'>vivoque</span> <span class='ocrx_word' id='word_1_72' title='bbox 896 878 1049 921; x_wconf 89' lang='lat' dir='ltr'>sedilia</span> <span class='ocrx_word' id='word_1_73' title='bbox 1071 892 1190 934; x_wconf 79' lang='lat' dir='ltr'>saXO,</span> 
     </span>
     <span class='ocr_line' id='line_1_12' title="bbox 194 948 1476 1006; baseline -0.001 -14"><span class='ocrx_word' id='word_1_74' title='bbox 194 948 506 1006; x_wconf 78' lang='lat' dir='ltr'>Nympharum</span> <span class='ocrx_word' id='word_1_75' title='bbox 527 949 695 992; x_wconf 88' lang='lat' dir='ltr'>domus.</span> <span class='ocrx_word' id='word_1_76' title='bbox 761 948 849 991; x_wconf 90' lang='lat' dir='ltr'>Hic</span> <span class='ocrx_word' id='word_1_77' title='bbox 871 948 1009 991; x_wconf 84' lang='lat' dir='ltr'>fessas</span> <span class='ocrx_word' id='word_1_78' title='bbox 1031 963 1120 991; x_wconf 90' lang='lat' dir='ltr'>non</span> <span class='ocrx_word' id='word_1_79' title='bbox 1141 948 1320 991; x_wconf 88' lang='lat' dir='ltr'>vincula</span> <span class='ocrx_word' id='word_1_80' title='bbox 1342 963 1476 992; x_wconf 88' lang='lat' dir='ltr'>naves</span> 
     </span>
     <span class='ocr_line' id='line_1_13' title="bbox 195 1019 1285 1077; baseline 0.001 -15"><span class='ocrx_word' id='word_1_81' title='bbox 195 1020 303 1063; x_wconf 86' lang='lat' dir='ltr'>Ulla</span> <span class='ocrx_word' id='word_1_82' title='bbox 326 1025 496 1077; x_wconf 85' lang='lat' dir='ltr'>tenent,</span> <span class='ocrx_word' id='word_1_83' title='bbox 519 1034 634 1063; x_wconf 93' lang='lat' dir='ltr'>unco</span> <span class='ocrx_word' id='word_1_84' title='bbox 655 1035 744 1063; x_wconf 93' lang='lat' dir='ltr'>non</span> <span class='ocrx_word' id='word_1_85' title='bbox 765 1019 921 1077; x_wconf 89' lang='lat' dir='ltr'>alligat</span> <span class='ocrx_word' id='word_1_86' title='bbox 943 1034 1103 1062; x_wconf 86' lang='lat' dir='ltr'>ancora</span> <span class='ocrx_word' id='word_1_87' title='bbox 1126 1034 1285 1064; x_wconf 70' lang='grc'><strong>11101811.</strong></span> 
     </span>
    </p>

    <p class='ocr_par' dir='ltr' id='par_1_4' title="bbox 194 1090 1253 1148">
     <span class='ocr_line' id='line_1_14' title="bbox 194 1090 1253 1148; baseline 0.001 -15"><span class='ocrx_word' id='word_1_88' title='bbox 194 1090 296 1133; x_wconf 89' lang='lat' dir='ltr'>Huc</span> <span class='ocrx_word' id='word_1_89' title='bbox 319 1096 488 1148; x_wconf 84' lang='lat' dir='ltr'>septem</span> <span class='ocrx_word' id='word_1_90' title='bbox 511 1090 684 1134; x_wconf 88' lang='lat' dir='ltr'>Aeneas</span> <span class='ocrx_word' id='word_1_91' title='bbox 707 1091 903 1134; x_wconf 87' lang='lat' dir='ltr'>collectis</span> <span class='ocrx_word' id='word_1_92' title='bbox 924 1091 1112 1134; x_wconf 87' lang='lat' dir='ltr'>navibus</span> <span class='ocrx_word' id='word_1_93' title='bbox 1134 1091 1253 1134; x_wconf 90' lang='lat' dir='ltr'>omni</span> 
     </span>
    </p>

    <p class='ocr_par' dir='ltr' id='par_1_5' title="bbox 193 1161 1246 1290">
     <span class='ocr_line' id='line_1_15' title="bbox 193 1161 1246 1219; baseline 0.001 -15"><span class='ocrx_word' id='word_1_94' title='bbox 193 1161 265 1204; x_wconf 80' lang='lat' dir='ltr'>Ex</span> <span class='ocrx_word' id='word_1_95' title='bbox 287 1176 469 1204; x_wconf 89' lang='lat' dir='ltr'>numero</span> <span class='ocrx_word' id='word_1_96' title='bbox 491 1161 627 1218; x_wconf 86' lang='lat' dir='ltr'>subit,</span> <span class='ocrx_word' id='word_1_97' title='bbox 652 1176 702 1205; x_wconf 89' lang='lat' dir='ltr'>ac</span> <span class='ocrx_word' id='word_1_98' title='bbox 725 1176 885 1219; x_wconf 89' lang='lat' dir='ltr'>magno</span> <span class='ocrx_word' id='word_1_99' title='bbox 907 1162 1078 1205; x_wconf 83' lang='lat' dir='ltr'>telluris</span> <span class='ocrx_word' id='word_1_100' title='bbox 1100 1177 1246 1205; x_wconf 89' lang='lat' dir='ltr'>amore</span> 
     </span>
     <span class='ocr_line' id='line_1_16' title="bbox 194 1233 1130 1290; baseline -0.001 -14"><span class='ocrx_word' id='word_1_101' title='bbox 194 1233 368 1290; x_wconf 85' lang='lat' dir='ltr'>Egressi</span> <span class='ocrx_word' id='word_1_102' title='bbox 390 1238 547 1290; x_wconf 87' lang='lat' dir='ltr'>optata</span> <span class='ocrx_word' id='word_1_103' title='bbox 568 1233 805 1290; x_wconf 83' lang='lat' dir='ltr'>potiuntur</span> <span class='ocrx_word' id='word_1_104' title='bbox 827 1233 960 1277; x_wconf 83' lang='lat' dir='ltr'>Troes</span> <span class='ocrx_word' id='word_1_105' title='bbox 983 1247 1130 1290; x_wconf 89' lang='lat' dir='ltr'>arena,</span> 
     </span>
    </p>

    <p class='ocr_par' dir='ltr' id='par_1_6' title="bbox 194 1304 1206 1362">
     <span class='ocr_line' id='line_1_17' title="bbox 194 1304 1206 1362; baseline 0.002 -16"><span class='ocrx_word' id='word_1_106' title='bbox 194 1304 256 1346; x_wconf 86' lang='lat' dir='ltr'>Et</span> <span class='ocrx_word' id='word_1_107' title='bbox 279 1304 367 1347; x_wconf 90' lang='lat' dir='ltr'>sale</span> <span class='ocrx_word' id='word_1_108' title='bbox 390 1305 591 1348; x_wconf 86' lang='lat' dir='ltr'>tabentes</span> <span class='ocrx_word' id='word_1_109' title='bbox 613 1309 738 1347; x_wconf 90' lang='lat' dir='ltr'>artus</span> <span class='ocrx_word' id='word_1_110' title='bbox 760 1304 808 1347; x_wconf 94' lang='lat' dir='ltr'>in</span> <span class='ocrx_word' id='word_1_111' title='bbox 830 1305 956 1348; x_wconf 90' lang='lat' dir='ltr'>litore</span> <span class='ocrx_word' id='word_1_112' title='bbox 979 1310 1164 1362; x_wconf 87' lang='lat' dir='ltr'>ponunt.</span> <span class='ocrx_word' id='word_1_113' title='bbox 1194 1327 1206 1348; x_wconf 69' lang='lat'>&#39;.</span> 
     </span>
    </p>

    <p class='ocr_par' dir='ltr' id='par_1_7' title="bbox 194 1375 1432 1718">
     <span class='ocr_line' id='line_1_18' title="bbox 195 1375 1316 1432; baseline 0.002 -15"><span class='ocrx_word' id='word_1_114' title='bbox 195 1375 262 1418; x_wconf 93' lang='lat' dir='ltr'>Ac</span> <span class='ocrx_word' id='word_1_115' title='bbox 285 1375 480 1432; x_wconf 88' lang='lat' dir='ltr'>primum</span> <span class='ocrx_word' id='word_1_116' title='bbox 503 1375 613 1418; x_wconf 87' lang='lat' dir='ltr'>silici</span> <span class='ocrx_word' id='word_1_117' title='bbox 635 1375 876 1418; x_wconf 84' lang='lat' dir='ltr'>scintillam</span> <span class='ocrx_word' id='word_1_118' title='bbox 899 1376 1080 1419; x_wconf 82' lang='lat' dir='ltr'>excudit</span> <span class='ocrx_word' id='word_1_119' title='bbox 1104 1376 1316 1430; x_wconf 80' lang='lat' dir='ltr'>Achates,</span> 
     </span>
     <span class='ocr_line' id='line_1_19' title="bbox 197 1446 1304 1504; baseline 0.001 -15"><span class='ocrx_word' id='word_1_120' title='bbox 197 1446 487 1503; x_wconf 81' lang='lat' dir='ltr'>Suscepitque</span> <span class='ocrx_word' id='word_1_121' title='bbox 509 1446 656 1503; x_wconf 84' lang='lat' dir='ltr'>ignem</span> <span class='ocrx_word' id='word_1_122' title='bbox 678 1446 808 1502; x_wconf 87' lang='lat' dir='ltr'>foliis,</span> <span class='ocrx_word' id='word_1_123' title='bbox 833 1452 969 1504; x_wconf 89' lang='lat' dir='ltr'>atque</span> <span class='ocrx_word' id='word_1_124' title='bbox 992 1447 1116 1490; x_wconf 89' lang='lat' dir='ltr'>arida</span> <span class='ocrx_word' id='word_1_125' title='bbox 1139 1447 1304 1490; x_wconf 87' lang='lat' dir='ltr'>circum</span> 
     </span>
     <span class='ocr_line' id='line_1_20' title="bbox 195 1516 1432 1574; baseline 0.002 -15"><span class='ocrx_word' id='word_1_126' title='bbox 195 1516 482 1560; x_wconf 87' lang='lat' dir='ltr'>Nutrimenta</span> <span class='ocrx_word' id='word_1_127' title='bbox 504 1516 642 1573; x_wconf 82' lang='lat' dir='ltr'>dedit,</span> <span class='ocrx_word' id='word_1_128' title='bbox 666 1518 904 1574; x_wconf 85' lang='lat' dir='ltr'>rapuitque</span> <span class='ocrx_word' id='word_1_129' title='bbox 926 1518 974 1561; x_wconf 86' lang='lat' dir='ltr'>in</span> <span class='ocrx_word' id='word_1_130' title='bbox 994 1518 1149 1562; x_wconf 84' lang='lat' dir='ltr'>fomite</span> <span class='ocrx_word' id='word_1_131' title='bbox 1171 1519 1401 1561; x_wconf 87' lang='lat' dir='ltr'>flammam</span> <span class='ocrx_word' id='word_1_132' title='bbox 1420 1532 1432 1574; x_wconf 87' lang='lat'>;</span> 
     </span>
     <span class='ocr_line' id='line_1_21' title="bbox 196 1588 1425 1646; baseline 0.002 -16"><span class='ocrx_word' id='word_1_133' title='bbox 196 1588 313 1630; x_wconf 82' lang='lat' dir='ltr'>Tum</span> <span class='ocrx_word' id='word_1_134' title='bbox 338 1588 540 1632; x_wconf 85' lang='lat' dir='ltr'>Cererem</span> <span class='ocrx_word' id='word_1_135' title='bbox 562 1594 818 1646; x_wconf 87' lang='lat' dir='ltr'>corruptam</span> <span class='ocrx_word' id='word_1_136' title='bbox 839 1589 970 1632; x_wconf 89' lang='lat' dir='ltr'>undis</span> <span class='ocrx_word' id='word_1_137' title='bbox 995 1589 1280 1646; x_wconf 84' lang='lat' dir='ltr'>Cerealiaque</span> <span class='ocrx_word' id='word_1_138' title='bbox 1303 1605 1425 1633; x_wconf 85' lang='lat' dir='ltr'>arma</span> 
     </span>
     <span class='ocr_line' id='line_1_22' title="bbox 194 1658 1242 1718; baseline 0.002 -16"><span class='ocrx_word' id='word_1_139' title='bbox 194 1658 454 1716; x_wconf 85' lang='lat' dir='ltr'>Expediunt</span> <span class='ocrx_word' id='word_1_140' title='bbox 476 1659 576 1702; x_wconf 84' lang='lat' dir='ltr'>fessi</span> <span class='ocrx_word' id='word_1_141' title='bbox 597 1674 758 1716; x_wconf 85' lang='lat' dir='ltr'>rerum,</span> <span class='ocrx_word' id='word_1_142' title='bbox 782 1660 1018 1718; x_wconf 84' lang='lat' dir='ltr'>frugesque</span> <span class='ocrx_word' id='word_1_143' title='bbox 1041 1667 1242 1718; x_wconf 84' lang='lat' dir='ltr'>receptas</span> 
     </span>
    </p>

    <p class='ocr_par' dir='ltr' id='par_1_8' title="bbox 193 1728 1362 1931">
     <span class='ocr_line' id='line_1_23' title="bbox 193 1728 1362 1790; baseline 0.001 -16"><span class='ocrx_word' id='word_1_144' title='bbox 193 1732 255 1774; x_wconf 88' lang='lat' dir='ltr'>Et</span> <span class='ocrx_word' id='word_1_145' title='bbox 278 1737 439 1774; x_wconf 88' lang='lat' dir='ltr'>torrere</span> <span class='ocrx_word' id='word_1_146' title='bbox 461 1736 620 1789; x_wconf 88' lang='lat' dir='ltr'>parant</span> <span class='ocrx_word' id='word_1_147' title='bbox 642 1732 834 1775; x_wconf 88' lang='lat' dir='ltr'>flammis</span> <span class='ocrx_word' id='word_1_148' title='bbox 857 1737 903 1775; x_wconf 91' lang='lat' dir='ltr'>et</span> <span class='ocrx_word' id='word_1_149' title='bbox 924 1732 1122 1790; x_wconf 87' lang='lat' dir='ltr'>frangere</span> <span class='ocrx_word' id='word_1_150' title='bbox 1146 1747 1261 1776; x_wconf 83' lang='lat' dir='ltr'>saxo.</span> <span class='ocrx_word' id='word_1_151' title='bbox 1307 1728 1362 1775; x_wconf 60' lang='lat' dir='ltr'>,ja-</span> 
     </span>
     <span class='ocr_line' id='line_1_24' title="bbox 195 1802 1352 1858; baseline 0 -13"><span class='ocrx_word' id='word_1_152' title='bbox 195 1803 367 1845; x_wconf 88' lang='lat' dir='ltr'>Aeneas</span> <span class='ocrx_word' id='word_1_153' title='bbox 390 1802 621 1858; x_wconf 85' lang='lat' dir='ltr'>scopulum</span> <span class='ocrx_word' id='word_1_154' title='bbox 642 1802 811 1846; x_wconf 88' lang='lat' dir='ltr'>interea</span> <span class='ocrx_word' id='word_1_155' title='bbox 834 1804 1087 1846; x_wconf 90' lang='lat' dir='ltr'>conscendit</span> <span class='ocrx_word' id='word_1_156' title='bbox 1110 1808 1154 1846; x_wconf 90' lang='lat' dir='ltr'>et</span> <span class='ocrx_word' id='word_1_157' title='bbox 1176 1818 1352 1846; x_wconf 89' lang='lat' dir='ltr'>omnem</span> 
     </span>
     <span class='ocr_line' id='line_1_25' title="bbox 195 1874 1354 1931; baseline 0 -15"><span class='ocrx_word' id='word_1_158' title='bbox 195 1875 488 1931; x_wconf 88' lang='lat' dir='ltr'>Prospectum</span> <span class='ocrx_word' id='word_1_159' title='bbox 510 1874 602 1916; x_wconf 90' lang='lat' dir='ltr'>late</span> <span class='ocrx_word' id='word_1_160' title='bbox 624 1874 779 1931; x_wconf 86' lang='lat' dir='ltr'>pelago</span> <span class='ocrx_word' id='word_1_161' title='bbox 801 1874 932 1931; x_wconf 85' lang='lat' dir='ltr'>petit,</span> <span class='ocrx_word' id='word_1_162' title='bbox 956 1874 1139 1917; x_wconf 86' lang='lat' dir='ltr'>Anthea</span> <span class='ocrx_word' id='word_1_163' title='bbox 1161 1874 1197 1918; x_wconf 92' lang='lat' dir='ltr'>si</span> <span class='ocrx_word' id='word_1_164' title='bbox 1218 1888 1354 1931; x_wconf 90' lang='lat' dir='ltr'>quem</span> 
     </span>
    </p>

    <p class='ocr_par' dir='ltr' id='par_1_9' title="bbox 194 1944 1301 2002">
     <span class='ocr_line' id='line_1_26' title="bbox 194 1944 1301 2002; baseline 0 -15"><span class='ocrx_word' id='word_1_165' title='bbox 194 1945 225 1988; x_wconf 83' lang='lat' dir='ltr'><strong>J</strong></span> <span class='ocrx_word' id='word_1_166' title='bbox 228 1949 430 1987; x_wconf 89' lang='lat' dir='ltr'>actatum</span> <span class='ocrx_word' id='word_1_167' title='bbox 449 1949 582 1987; x_wconf 87' lang='lat' dir='ltr'>vento</span> <span class='ocrx_word' id='word_1_168' title='bbox 605 1944 755 1987; x_wconf 90' lang='lat' dir='ltr'>videat</span> <span class='ocrx_word' id='word_1_169' title='bbox 778 1944 1081 2002; x_wconf 82' lang='lat' dir='ltr'>Phrygiasque</span> <span class='ocrx_word' id='word_1_170' title='bbox 1102 1944 1301 2001; x_wconf 84' lang='lat' dir='ltr'>biremes,</span> 
     </span>
    </p>

    <p class='ocr_par' dir='ltr' id='par_1_10' title="bbox 194 2015 1425 2642">
     <span class='ocr_line' id='line_1_27' title="bbox 194 2015 1361 2079; baseline 0.001 -19"><span class='ocrx_word' id='word_1_171' title='bbox 194 2016 293 2060; x_wconf 90' lang='lat' dir='ltr'>Aut</span> <span class='ocrx_word' id='word_1_172' title='bbox 317 2015 488 2072; x_wconf 85' lang='lat' dir='ltr'>Capyn,</span> <span class='ocrx_word' id='word_1_173' title='bbox 512 2020 592 2057; x_wconf 87' lang='lat' dir='ltr'>aut</span> <span class='ocrx_word' id='word_1_174' title='bbox 615 2015 740 2058; x_wconf 88' lang='lat' dir='ltr'>celsis</span> <span class='ocrx_word' id='word_1_175' title='bbox 761 2015 809 2058; x_wconf 88' lang='lat' dir='ltr'>in</span> <span class='ocrx_word' id='word_1_176' title='bbox 831 2016 1059 2073; x_wconf 86' lang='lat' dir='ltr'>puppibus</span> <span class='ocrx_word' id='word_1_177' title='bbox 1080 2031 1202 2079; x_wconf 84' lang='lat' dir='ltr'>arma</span> <span class='ocrx_word' id='word_1_178' title='bbox 1227 2016 1361 2061; x_wconf 90' lang='lat' dir='ltr'>Caici.</span> 
     </span>
     <span class='ocr_line' id='line_1_28' title="bbox 195 2086 1334 2144; baseline 0.001 -14"><span class='ocrx_word' id='word_1_179' title='bbox 195 2087 369 2130; x_wconf 84' lang='lat' dir='ltr'>Navem</span> <span class='ocrx_word' id='word_1_180' title='bbox 390 2086 434 2129; x_wconf 90' lang='lat' dir='ltr'>in</span> <span class='ocrx_word' id='word_1_181' title='bbox 458 2092 698 2143; x_wconf 87' lang='lat' dir='ltr'>conspectu</span> <span class='ocrx_word' id='word_1_182' title='bbox 720 2088 906 2144; x_wconf 90' lang='lat' dir='ltr'>nullam,</span> <span class='ocrx_word' id='word_1_183' title='bbox 931 2093 1019 2131; x_wconf 90' lang='lat' dir='ltr'>tres</span> <span class='ocrx_word' id='word_1_184' title='bbox 1039 2088 1166 2131; x_wconf 89' lang='lat' dir='ltr'>litore</span> <span class='ocrx_word' id='word_1_185' title='bbox 1189 2103 1334 2131; x_wconf 88' lang='lat' dir='ltr'>cervos</span> 
     </span>
     <span class='ocr_line' id='line_1_29' title="bbox 197 2157 1385 2216; baseline 0.003 -16"><span class='ocrx_word' id='word_1_186' title='bbox 197 2157 413 2214; x_wconf 87' lang='lat' dir='ltr'>Prospicit</span> <span class='ocrx_word' id='word_1_187' title='bbox 437 2164 630 2201; x_wconf 85' lang='lat' dir='ltr'>errantes</span> <span class='ocrx_word' id='word_1_188' title='bbox 649 2172 661 2212; x_wconf 85' lang='lat'>;</span> <span class='ocrx_word' id='word_1_189' title='bbox 695 2158 772 2201; x_wconf 90' lang='lat' dir='ltr'>hos</span> <span class='ocrx_word' id='word_1_190' title='bbox 796 2163 892 2202; x_wconf 88' lang='lat' dir='ltr'>tota</span> <span class='ocrx_word' id='word_1_191' title='bbox 914 2164 1115 2202; x_wconf 88' lang='lat' dir='ltr'>armenta</span> <span class='ocrx_word' id='word_1_192' title='bbox 1137 2164 1385 2216; x_wconf 87' lang='lat' dir='ltr'>sequuntur</span> 
     </span>
     <span class='ocr_line' id='line_1_30' title="bbox 198 2229 1342 2287; baseline 0.002 -16"><span class='ocrx_word' id='word_1_193' title='bbox 198 2229 238 2271; x_wconf 91' lang='lat' dir='ltr'>A</span> <span class='ocrx_word' id='word_1_194' title='bbox 260 2234 396 2285; x_wconf 88' lang='lat' dir='ltr'>tergo,</span> <span class='ocrx_word' id='word_1_195' title='bbox 422 2234 468 2271; x_wconf 91' lang='lat' dir='ltr'>et</span> <span class='ocrx_word' id='word_1_196' title='bbox 489 2229 670 2286; x_wconf 90' lang='lat' dir='ltr'>longum</span> <span class='ocrx_word' id='word_1_197' title='bbox 695 2243 774 2286; x_wconf 90' lang='lat' dir='ltr'>per</span> <span class='ocrx_word' id='word_1_198' title='bbox 794 2229 929 2272; x_wconf 90' lang='lat' dir='ltr'>valles</span> <span class='ocrx_word' id='word_1_199' title='bbox 951 2230 1149 2286; x_wconf 88' lang='lat' dir='ltr'>pascitur</span> <span class='ocrx_word' id='word_1_200' title='bbox 1170 2244 1342 2287; x_wconf 86' lang='lat' dir='ltr'>agmen.</span> 
     </span>
     <span class='ocr_line' id='line_1_31' title="bbox 198 2299 1425 2358; baseline 0.001 -16"><span class='ocrx_word' id='word_1_201' title='bbox 198 2299 411 2342; x_wconf 86' lang='lat' dir='ltr'>Constitit</span> <span class='ocrx_word' id='word_1_202' title='bbox 433 2299 518 2355; x_wconf 86' lang='lat' dir='ltr'>hie,</span> <span class='ocrx_word' id='word_1_203' title='bbox 542 2313 781 2356; x_wconf 85' lang='lat' dir='ltr'>arcumque</span> <span class='ocrx_word' id='word_1_204' title='bbox 806 2314 942 2342; x_wconf 89' lang='lat' dir='ltr'>manu</span> <span class='ocrx_word' id='word_1_205' title='bbox 966 2300 1214 2357; x_wconf 87' lang='lat' dir='ltr'>celeresque</span> <span class='ocrx_word' id='word_1_206' title='bbox 1237 2301 1425 2358; x_wconf 87' lang='lat' dir='ltr'>sagittas</span> 
     </span>
     <span class='ocr_line' id='line_1_32' title="bbox 198 2369 1260 2428; baseline 0.001 -16"><span class='ocrx_word' id='word_1_207' title='bbox 198 2369 432 2426; x_wconf 86' lang='lat' dir='ltr'>Corripuit,</span> <span class='ocrx_word' id='word_1_208' title='bbox 458 2371 572 2414; x_wconf 88' lang='lat' dir='ltr'>fidus</span> <span class='ocrx_word' id='word_1_209' title='bbox 595 2384 710 2428; x_wconf 86' lang='lat' dir='ltr'>quae</span> <span class='ocrx_word' id='word_1_210' title='bbox 733 2370 823 2413; x_wconf 88' lang='lat' dir='ltr'>tela</span> <span class='ocrx_word' id='word_1_211' title='bbox 845 2371 1026 2427; x_wconf 87' lang='lat' dir='ltr'>gerebat</span> <span class='ocrx_word' id='word_1_212' title='bbox 1049 2370 1260 2427; x_wconf 87' lang='lat' dir='ltr'>Achates,</span> 
     </span>
     <span class='ocr_line' id='line_1_33' title="bbox 198 2440 1374 2499; baseline 0.002 -15"><span class='ocrx_word' id='word_1_213' title='bbox 198 2440 502 2498; x_wconf 88' lang='lat' dir='ltr'>Ductoresque</span> <span class='ocrx_word' id='word_1_214' title='bbox 523 2441 640 2499; x_wconf 90' lang='lat' dir='ltr'>ipsos</span> <span class='ocrx_word' id='word_1_215' title='bbox 663 2441 871 2499; x_wconf 88' lang='lat' dir='ltr'>primum,</span> <span class='ocrx_word' id='word_1_216' title='bbox 896 2442 1045 2499; x_wconf 78' lang='lat' dir='ltr'>capita</span> <span class='ocrx_word' id='word_1_217' title='bbox 1069 2442 1163 2485; x_wconf 89' lang='lat' dir='ltr'>alta</span> <span class='ocrx_word' id='word_1_218' title='bbox 1184 2442 1374 2486; x_wconf 86' lang='lat' dir='ltr'>serentes</span> 
     </span>
     <span class='ocr_line' id='line_1_34' title="bbox 198 2512 1420 2570; baseline 0.002 -15"><span class='ocrx_word' id='word_1_219' title='bbox 198 2512 414 2556; x_wconf 88' lang='lat' dir='ltr'>Cornibus</span> <span class='ocrx_word' id='word_1_220' title='bbox 437 2513 638 2569; x_wconf 82' lang='lat' dir='ltr'>arboreis,</span> <span class='ocrx_word' id='word_1_221' title='bbox 662 2512 834 2569; x_wconf 86' lang='lat' dir='ltr'>sternit,</span> <span class='ocrx_word' id='word_1_222' title='bbox 861 2518 960 2556; x_wconf 87' lang='lat' dir='ltr'>tum</span> <span class='ocrx_word' id='word_1_223' title='bbox 981 2513 1156 2570; x_wconf 85' lang='lat' dir='ltr'>vulgus,</span> <span class='ocrx_word' id='word_1_224' title='bbox 1181 2518 1226 2556; x_wconf 87' lang='lat' dir='ltr'>et</span> <span class='ocrx_word' id='word_1_225' title='bbox 1245 2528 1420 2557; x_wconf 89' lang='lat' dir='ltr'>omnem</span> 
     </span>
     <span class='ocr_line' id='line_1_35' title="bbox 200 2583 1404 2642; baseline 0.002 -16"><span class='ocrx_word' id='word_1_226' title='bbox 200 2583 353 2627; x_wconf 88' lang='lat' dir='ltr'>Miscet</span> <span class='ocrx_word' id='word_1_227' title='bbox 375 2599 508 2642; x_wconf 86' lang='lat' dir='ltr'>agens</span> <span class='ocrx_word' id='word_1_228' title='bbox 530 2584 631 2628; x_wconf 89' lang='lat' dir='ltr'>telis</span> <span class='ocrx_word' id='word_1_229' title='bbox 653 2599 830 2628; x_wconf 89' lang='lat' dir='ltr'>nemora</span> <span class='ocrx_word' id='word_1_230' title='bbox 851 2584 965 2628; x_wconf 84' lang='lat' dir='ltr'>inter</span> <span class='ocrx_word' id='word_1_231' title='bbox 986 2584 1168 2628; x_wconf 87' lang='lat' dir='ltr'>frondea</span> <span class='ocrx_word' id='word_1_232' title='bbox 1188 2585 1370 2628; x_wconf 89' lang='lat' dir='ltr'>turbam</span> <span class='ocrx_word' id='word_1_233' title='bbox 1392 2599 1404 2641; x_wconf 80' lang='lat'><em>3</em></span> 
     </span>
    </p>
   </div>
   <div class='ocr_carea' id='block_1_3' title="bbox 1550 379 1631 424">
    <p class='ocr_par' dir='ltr' id='par_1_11' title="bbox 1550 379 1631 424">
     <span class='ocr_line' id='line_1_36' title="bbox 1550 379 1631 424; baseline 0 -1"><span class='ocrx_word' id='word_1_234' title='bbox 1550 379 1631 424; x_wconf 78' lang='lat'>16(</span> 
     </span>
    </p>
   </div>
   <div class='ocr_carea' id='block_1_4' title="bbox 1550 1089 1637 1136">
    <p class='ocr_par' dir='ltr' id='par_1_12' title="bbox 1550 1089 1637 1136">
     <span class='ocr_line' id='line_1_37' title="bbox 1550 1089 1637 1136; baseline 0 -1"><span class='ocrx_word' id='word_1_235' title='bbox 1550 1089 1637 1136; x_wconf 83' lang='grc'>170</span> 
     </span>
    </p>
   </div>
   <div class='ocr_carea' id='block_1_5' title="bbox 1550 1446 1636 1493">
    <p class='ocr_par' dir='ltr' id='par_1_13' title="bbox 1550 1446 1636 1493">
     <span class='ocr_line' id='line_1_38' title="bbox 1550 1446 1636 1493; baseline 0.023 -2"><span class='ocrx_word' id='word_1_236' title='bbox 1550 1446 1636 1493; x_wconf 82' lang='grc'>175</span> 
     </span>
    </p>
   </div>
   <div class='ocr_carea' id='block_1_6' title="bbox 1548 1804 1637 1848">
    <p class='ocr_par' dir='ltr' id='par_1_14' title="bbox 1548 1804 1637 1848">
     <span class='ocr_line' id='line_1_39' title="bbox 1548 1804 1637 1848; baseline 0 -1"><span class='ocrx_word' id='word_1_237' title='bbox 1548 1804 1637 1848; x_wconf 87' lang='grc'>180</span> 
     </span>
    </p>
   </div>
   <div class='ocr_carea' id='block_1_7' title="bbox 1550 2162 1635 2207">
    <p class='ocr_par' dir='ltr' id='par_1_15' title="bbox 1550 2162 1635 2207">
     <span class='ocr_line' id='line_1_40' title="bbox 1550 2162 1635 2207; baseline 0.024 -2"><span class='ocrx_word' id='word_1_238' title='bbox 1550 2162 1635 2207; x_wconf 86' lang='grc'>185</span> 
     </span>
    </p>
   </div>
   <div class='ocr_carea' id='block_1_8' title="bbox 1547 2517 1637 2561">
    <p class='ocr_par' dir='ltr' id='par_1_16' title="bbox 1547 2517 1637 2561">
     <span class='ocr_line' id='line_1_41' title="bbox 1547 2517 1637 2561; baseline 0.022 -2"><span class='ocrx_word' id='word_1_239' title='bbox 1547 2517 1637 2561; x_wconf 89' lang='grc'>190</span> 
     </span>
    </p>
   </div>
  </div>
 </body>
</html>
