1757 2916
168 131 256 175 288
645 143 876 173 AENEIDOS
910 143 996 173 11113.
1034 142 1114 173 xli.

166 252 248 296 Ille
271 252 427 298 avidus
450 267 624 310 pugnae
648 267 769 295 suras
792 252 1028 294 incluserat
1051 265 1156 294 auro
1510 248 1601 292 430

167 325 285 368 Hine
307 331 441 382 atque
464 325 580 380 hinc,
606 326 784 380 oditque
808 313 1232 378 moras'hastamque
1257 327 1466 366 coruscat.

168 397 412 453 Postquam
435 398 595 440 habilis
618 397 746 439 lateri
769 396 935 452 clipeus
959 395 1175 451 loricaque
1199 401 1318 452 tergo
1342 400 1407 437 est
1429 410 1439 449 ;

167 469 409 512 Ascanium
431 468 539 510 fusis
564 469 727 510 circum
755 466 1070 523 complectitur
1092 466 1239 521 armis,

169 540 440 594 Summaque
459 554 536 594 per
557 539 730 593 galeam
754 537 952 580 delibans
976 538 1121 579 oscula
1143 537 1260 579 fatur
1280 552 1288 580 :

169 611 195 631 “
215 611 360 667 Disce,
385 625 506 667 puer,
531 610 744 651 virtutem
768 624 822 651 cx
844 623 914 650 me
937 623 1177 664 verumque
1199 608 1404 664 laborem,
1515 610 1602 651 435

169 680 195 702 ‘⁴
213 681 460 723 Fortunam
483 696 536 723 ex
559 681 665 724 aliis.
731 680 864 722 Nune
890 685 933 722 te
959 695 1057 722 mea
1079 680 1259 722 dextera
1279 680 1393 721 bello

167 751 196 774 (ἵ
212 752 456 794 Defensum
479 752 617 806 dabit,
642 757 686 794 et
710 766 872 808 magna
895 751 1014 793 inter
1036 750 1230 807 praemia
1253 751 1400 793 (lucet.

169 822 196 843 ‘⁶
217 823 287 865 Tu
309 822 458 877 facito,
483 837 586 865 mox
609 837 747 878 quum
770 827 945 864 matura
968 822 1205 864 adoleverit
1229 826 1368 875 aetas,

169 893 195 914 ‘⁶
217 893 284 937 Sis
306 908 486 949 memor,
513 899 558 954 et
581 898 639 949 te,
665 893 812 935 animo
834 898 1109 949 repetentem
1132 892 1336 948 exempla
1359 897 1551 947 tuorum,

169 965 195 985 “
215 965 278 1007 Et
300 969 429 1021 pater
451 964 624 1007 Aeneas
648 969 693 1006 et
717 964 961 1006 avunculus
985 964 1147 1006 excitet
1171 963 1377 1007 Hector.''
1515 962 1605 1005 440

257 1038 379 1080 Haec
404 1037 481 1080 ubi
503 1037 622 1079 clieta
645 1037 783 1092 dedit,
808 1037 945 1093 portis
969 1051 1059 1079 sese
1083 1036 1248 1079 extulit
1274 1035 1440 1092 ingens,

168 1110 329 1152 Telum
350 1109 543 1151 immane
566 1122 704 1150 manu
727 1108 931 1163 quatiens
947 1122 957 1161 ;
994 1108 1126 1150 simul
1148 1107 1325 1164 agmine
1347 1108 1481 1150 denso

168 1180 464 1236 Antheusque
483 1180 830 1235 Mnestheusque
854 1185 1006 1235 ruunt,
1031 1179 1257 1235 omnisque
1280 1179 1443 1221 relictis

169 1253 318 1296 Turba
340 1253 440 1295 fluit
464 1252 627 1295 castris.
695 1251 814 1294 Tum
837 1266 964 1294 caeco
986 1252 1166 1308 pulvere
1190 1265 1374 1307 campus

169 1325 396 1379 Miscetur,
421 1324 640 1380 pulsuque
666 1323 832 1379 pedum
855 1323 1006 1365 tremit
1031 1321 1179 1364 exeita
1202 1322 1343 1364 tellus.
1515 1319 1605 1364 445

168 1396 297 1438 Vidit
320 1395 375 1437 ab
398 1395 576 1436 adverso
598 1394 821 1436 venientes
844 1408 998 1450 aggere
1023 1393 1216 1448 Turnus,

169 1467 327 1510 Videre
351 1465 553 1520 Ausonii,
578 1465 837 1520 gelidusque
861 1479 938 1520 per
960 1464 1048 1506 ima
1071 1464 1263 1506 cucurrit

169 1537 278 1582 Ossa
301 1543 488 1592 tremor,
522 1537 667 1593 prima
691 1541 795 1578 ante
818 1551 966 1580 omnes
989 1536 1020 1578 J
1025 1541 1188 1578 uturna
1210 1535 1396 1578 Latinos

169 1609 327 1652 Audiit
351 1608 616 1666 agnovitque
640 1622 811 1663 sonum,
836 1612 881 1650 et
905 1608 1162 1650 tremefacta
1185 1607 1361 1664 refugit.

169 1680 251 1723 Ille
273 1680 408 1735 volat,
433 1694 676 1736 campoque
699 1685 847 1722 atrum
870 1680 986 1737 rapit
1008 1694 1169 1736 agmen
1193 1685 1353 1736 aperto.
1519 1677 1608 1722 450

171 1753 323 1806 Qualis
346 1752 423 1795 ubi
445 1753 501 1795 ad
524 1757 659 1795 terras
682 1753 872 1808 abrupto
895 1751 1031 1794 sidere
1056 1751 1232 1794 nimbus

170 1825 216 1867 It
239 1839 358 1867 mare
381 1839 458 1880 per
479 1824 677 1867 medium
699 1838 709 1878 ;
745 1824 928 1878 miseris,
953 1824 1054 1878 heu,
1080 1822 1274 1879 praescia
1296 1822 1426 1878 longe

172 1895 448 1937 Hori-escunt
471 1896 600 1937 corda
623 1895 821 1951 agricolis
842 1908 852 1948 3
888 1894 1013 1936 dabit
1035 1894 1107 1936 ille
1130 1893 1276 1935 ruinas

172 1966 414 2009 Arboribus
437 1970 712 2020 stragemque
735 1965 856 2019 satis,
882 1969 980 2006 ruet
1003 1963 1151 2006 omnia
1172 1964 1262 2005 late
1279 1976 1290 2017 ;

172 2036 295 2079 Ante
317 2036 468 2078 volant
493 2035 773 2090 sonitumque
795 2035 942 2077 ferunt
965 2035 1022 2076 acl
1043 2034 1174 2077 litora
1195 2034 1342 2078 Venti:
1519 2034 1608 2078 455

173 2107 298 2150 Talis
322 2107 369 2149 in
392 2107 593 2149 adversos
615 2107 771 2148 (luctor
794 2106 1035 2148 Rhoeteius
1058 2105 1204 2148 hostes

174 2178 350 2234 Agmen
374 2177 497 2233 agit3
532 2176 655 2218 densi
679 2176 826 2218 cuncis
850 2191 893 2219 se
917 2176 1100 2231 quisque
1124 2175 1287 2218 coactis

177 2248 505 2305 Agglomerant.
570 2247 694 2289 Ferit
718 2262 817 2289 ense
841 2262 1016 2302 gravem
1040 2247 1346 2302 Thymbraeus
1370 2245 1546 2301 Osirim,

175 2320 437 2364 Archetium
461 2319 731 2374 Mnestheus,
756 2319 1006 2374 Epulonem
1028 2319 1265 2361 obtruncat
1287 2317 1500 2372 Achates,

175 2391 479 2447 Ufentemque
503 2390 650 2446 Gyas3
685 2390 806 2432 cadit
829 2390 919 2445 ipse
945 2389 1205 2432 Tolumnius
1227 2403 1383 2443 augur,
1519 2386 1608 2430 460

177 2463 356 2505 Primus
380 2462 424 2504 in
447 2462 649 2504 adversos
674 2461 813 2502 telum
836 2460 912 2515 qui
935 2465 1120 2503 torserat
1144 2460 1303 2503 hostes.

1513 2174 1536 2190 Π

178 2535 369 2577 Tollitur
391 2534 434 2575 in
459 2533 627 2576 eoelum
651 2533 827 2586 clamor,
852 2532 1048 2588 versique
1070 2531 1263 2574 vicissim

178 2605 495 2648 Pulverulenta
517 2604 622 2654 fuga
645 2603 803 2645 Rutuli
826 2604 934 2646 (lant
958 2608 1081 2657 terga
1105 2617 1181 2657 per
1203 2617 1342 2658 agros.
