1757 2916
208 130 294 173 188
676 139 905 170 AENEmos
939 139 1024 170 Lm.
1062 137 1160 168 vm.

207 250 326 293 Tum
348 254 588 294 memorat:
625 249 653 270 “
672 248 742 291 Ne
765 262 876 304 vero,
900 247 1070 304 hospes,
1095 260 1149 288 ne
1173 257 1334 301 quaere
1355 242 1564 300 profecto,

211 323 237 343 ‘⁴
257 324 399 377 Quem
422 336 573 364 casum
597 326 802 377 portenta
824 320 995 363 ferant:
1031 333 1109 374 ego
1132 332 1284 374 poscor
1307 316 1511 372 Olympo.

210 393 238 414 “
255 394 349 436 Hoc
375 394 547 450 signum
570 393 730 435 cecinit
751 392 985 433 missuram
1007 391 1108 432 diva
1131 389 1330 443 creatriX‚

211 465 237 485 ‘⁴
260 466 305 508 Si
328 466 497 507 bellum
520 464 760 519 ingrueret,
789 461 1096 516 Vulcaniaque
1119 475 1242 502 arma
1266 475 1341 517 per
1363 474 1493 501 auras
1558 458 1648 501 535

212 536 237 556 ‘⁶
258 536 474 578 Laturam
496 534 674 577 auxilio.

212 607 240 627 ‘⁶
257 607 360 648 Heu
382 611 576 662 quantae
602 603 769 646 miseris
792 602 945 645 caedes
968 601 1264 644 Laurentibus
1286 602 1485 645 instant!

214 680 238 698 ‘⁶
258 679 375 731 Quas
398 691 558 733 poenas
581 675 704 730 mihi,
723 674 885 730 Turne,
903 674 1029 716 dabis
1050 677 1058 717 ἶ
1086 688 1222 729 quam
1239 673 1383 715 multa
1407 672 1488 715 sub
1507 672 1651 714 undas
1671 689 1674 692 ⁴

213 750 237 771 ⁴⁴
260 750 395 792 Scuta
417 748 562 790 viram
584 747 816 804 galeasque
839 750 883 788 et
906 745 1036 788 fortia
1060 759 1236 801 corpora
1257 744 1419 800 volves,

214 820 240 841 ‘⁴
261 819 427 876 Thybri
449 824 576 876 pater
596 823 605 863 ἒ
644 818 837 860 Poscant
860 817 974 860 acies
996 822 1041 859 et
1063 816 1236 859 foedera
1257 820 1468 872 rumpant
1486 818 1494 859 !
1512 816 1537 833 '’
1563 813 1653 857 540

213 891 335 934 Haec
358 890 436 933 ubi
457 890 577 933 dicta
600 889 738 945 dedit,
764 888 868 931 solio
892 902 935 931 se
957 888 1077 931 tollit
1100 887 1156 930 ab
1181 887 1285 943 alto,

213 962 276 1004 Et
299 961 493 1018 primum
516 960 744 1003 Herculeis
767 959 931 1016 sopitas
952 959 1128 1016 ignibus
1151 972 1246 1001 aras

217 1035 434 1089 Suscitat,
457 1034 799 1089 hesternumque
821 1032 982 1075 Larem
1004 1045 1246 1088 parvosque
1270 1030 1462 1072 Penates

215 1106 381 1148 Laetus
403 1105 497 1148 adit
515 1119 526 1160 3
560 1109 762 1147 mactant
783 1104 922 1146 lectas
943 1104 997 1146 de
1021 1116 1140 1145 more
1162 1102 1364 1144 bidentes

216 1178 450 1220 Evandrus
472 1176 650 1234 pariter,
675 1175 841 1233 pariter
865 1174 1054 1231 Trojana
1070 1173 1296 1230 juventus.
1566 1170 1654 1215 545

220 1249 326 1292 Post
349 1249 451 1291 hinc
474 1248 531 1291 ad
553 1262 684 1290 naves
707 1246 918 1304 graditur,
944 1245 1166 1301 sociosque
1187 1244 1351 1286 revisit.

221 1321 418 1373 Quorum
441 1320 493 1362 de
517 1332 712 1374 numero,
738 1317 814 1374 qui
837 1331 927 1360 sese
949 1317 995 1359 in
1016 1316 1133 1359 bella
1156 1319 1413 1371 sequantur,

221 1390 505 1434 Praestantcs
527 1390 693 1432 Virtute
715 1388 823 1445 legit
841 1401 852 1442 3
886 1402 987 1444 pars
1010 1392 1154 1429 cetera
1175 1400 1312 1442 prona

220 1462 385 1504 Fertul
406 1474 536 1516 aqua,
562 1460 792 1516 segnisque
816 1458 1006 1501 secundo
1028 1457 1183 1499 defluit
1207 1456 1342 1511 amni,

221 1533 396 1576 Nuntia
418 1538 603 1575 ventma
626 1530 818 1574 Ascanio
840 1543 1075 1586 rerumque
1097 1527 1333 1585 patrisque.
1572 1526 1661 1570 550

224 1605 402 1647 Dantur
423 1604 525 1660 equi
549 1603 728 1646 Teucris
752 1600 976 1658 Tyrrhena
999 1599 1253 1658 petentibus
1276 1612 1407 1641 arva·
1396 1632 1408 1653 ,

223 1677 410 1719 Ducunt
435 1680 654 1718 exsortem
677 1674 868 1729 Aeneae,
893 1686 1027 1729 quem
1048 1671 1173 1714 fulva
1193 1670 1332 1713 leonis

223 1747 359 1790 Pellis
381 1747 474 1790 obit
497 1751 658 1801 totum,
682 1745 961 1802 praefulgens
984 1742 1208 1800 unguibus
1230 1740 1387 1784 aureis.

315 1818 458 1861 Fama
478 1818 598 1860 volat
621 1831 803 1874 parvam
825 1816 971 1859 subito
992 1815 1176 1871 vulgata
1199 1828 1277 1869 per
1298 1813 1465 1867 urbem,

225 1889 393 1933 Ocius
381 1903 441 1930 1re
464 1888 635 1943 equites
660 1886 875 1942 Tyrrheni
896 1886 954 1928 ad
976 1885 1108 1927 litora
1129 1884 1269 1941 regis;
1576 1882 1664 1925 555

225 1959 344 2001 Vota
367 1964 491 2000 metu
513 1957 744 2014 duplicant
765 1960 944 2011 matres,
969 1955 1236 2011 propiusque
1260 1952 1421 2010 periclo

227 2031 273 2073 It
296 2030 440 2084 timor,
466 2034 510 2072 et
533 2028 670 2084 major
692 2026 883 2070 Martis
866 2041 962 2083 Jam
984 2030 1169 2083 apparet
1191 2025 1349 2082 imago.

228 2102 346 2144 Tum
370 2106 495 2157 pater
517 2100 764 2154 Evandrus,
789 2099 992 2141 dextram
1015 2098 1270 2154 complexus
1294 2095 1454 2151 euntis,

229 2173 408 2228 Haeret,
432 2171 683 2228 inexpletus
704 2170 953 2225 lacrimans,
979 2184 1029 2212 ac
1053 2169 1162 2212 talia
1183 2168 1305 2210 fatur
1321 2166 1348 2211 :¹

231 2244 256 2265 ‘⁶
277 2244 313 2287 O
339 2243 449 2285 mihi
472 2242 728 2299 praeteritos
752 2241 909 2283 referat
933 2241 968 2284 si
990 2240 1171 2297 Jupiter
1191 2253 1342 2293 annos,
1579 2236 1667 2280 560

231 2314 258 2336 “
280 2314 432 2368 Qualis
455 2328 590 2369 eram,
615 2328 756 2368 quum
779 2312 966 2368 primam
990 2312 1129 2358 aciem
1153 2311 1392 2353 Praeneste
1417 2309 1499 2352 sub
1521 2309 1617 2365 ipsa

233 2387 257 2407 ‘⁶
281 2385 429 2430 Stravi
452 2390 763 2439 scutorumque
786 2383 961 2425 incendi
982 2382 1123 2425 victor
1145 2395 1333 2436 acervos,

233 2457 258 2478 ‘⁶
279 2458 338 2500 Et
361 2471 505 2513 regem
526 2456 607 2498 hac
632 2455 834 2497 Herilum
857 2455 1015 2496 dextra
1037 2453 1118 2496 sub
1143 2453 1329 2494 Tartara
1351 2451 1487 2507 misi-,

235 2530 260 2552 ‘⁴
281 2527 494 2572 Nascenti
516 2527 588 2570 cui
610 2532 697 2569 tres
720 2526 889 2568 animas
911 2524 1097 2567 Feronia
1119 2528 1260 2566 mater

235 2599 261 2621 ’Ὗ
286 2599 588 2655 (Horrendum
612 2596 737 2640 dictu
757 2596 790 2651 !)
816 2595 1009 2651 dederat,
1026 2599 1152 2637 terna
1173 2607 1294 2636 arma
1317 2592 1532 2636 movenda
1546 2605 1558 2648 ς
1582 2592 1670 2636 565
