1731 2923
579 151 810 181 AENEIDOS
842 151 928 182 LIB.
963 150 1023 181 vi.
1446 140 1524 182 141

101 262 189 305 Par
209 260 378 304 levibus
400 259 542 302 ventis
564 259 817 315 volucrique
841 258 1064 301 simillima
1087 273 1248 303 somno.

188 333 366 374 Interea
387 331 508 373 videt
530 330 704 373 Aeneas
726 331 772 372 in
794 330 906 372 valle
930 331 1111 373 reducta

97 403 329 447 Seclusum
351 416 509 444 nemus
527 407 571 443 et
594 401 786 458 virgulta
809 400 1010 443 sonantia
1033 401 1178 456 silvae,

95 475 440 529 Lethaeumque,
464 473 614 515 domos
637 473 832 529 placidas
857 472 933 528 qui
955 477 1203 528 praenatat,
1223 487 1409 516 amnem.
1444 471 1530 517 705

94 544 230 587 Hunc
252 545 418 587 circum
438 543 693 586 innumerae
717 549 869 600 gentes
892 543 1134 599 populique
1157 544 1362 586 volabant
1384 559 1394 598 ;

93 615 161 658 Ac
186 616 310 658 velut
331 615 377 658 in
399 615 537 672 pratis
559 615 636 658 ubi
658 630 762 672 apes
784 620 952 658 aestate
977 630 1126 658 serena

93 686 296 729 Floribus
319 687 519 729 insidunt
542 687 672 730 variis
693 692 738 729 et
760 687 949 730 candida
972 687 1136 729 circum

93 757 206 800 Lilia
228 757 491 813 funduntur,
517 757 677 814 strepit
700 757 840 800 omnis
862 772 1084 800 murmure
1108 773 1302 814 campus.

94 828 319 871 Horrescit
343 828 439 870 visu
461 828 607 871 subito
630 843 870 884 causasque
893 829 1077 884 requirit
1441 828 1530 872 710

95 898 266 942 Inscius
288 899 473 954 Aeneas,
499 913 611 954 quae
636 899 724 942 sint
748 914 798 942 ea
821 899 1005 941 flumina
1028 915 1166 956 porro,

93 969 231 1022 Quive
254 969 335 1011 viri
357 975 483 1012 tanto
506 970 763 1025 complerint
786 969 960 1026 agmine
984 970 1111 1026 ripas.

94 1039 212 1081 Tum
235 1046 360 1096 pater
381 1040 623 1084 Anchises:
661 1039 688 1060 ‘⁶
706 1040 912 1095 Animae,
937 1041 1096 1096 quibus
1119 1041 1262 1082 altera
1285 1041 1378 1083 fato

94 1110 120 1130 “
143 1108 332 1166 Corpora
354 1110 582 1166 debentur,
607 1109 791 1152 Lethaei
817 1111 872 1153 ad
894 1110 1088 1153 fluminis
1110 1111 1277 1153 undam

93 1178 120 1200 ‘⁴
144 1179 326 1222 Securos
347 1179 500 1223 latices
523 1185 566 1223 et
589 1181 719 1237 longa
742 1180 901 1223 oblivia
923 1185 1094 1237 potant.
1441 1180 1529 1226 715

97 1249 238 1302 “Has
261 1250 462 1306 equidem
485 1265 726 1293 memorare
750 1251 832 1294 tibi
854 1257 988 1308 atque
1011 1252 1239 1295 ostendere
1262 1267 1422 1309 coram,

93 1320 121 1342 ‘⁴
142 1321 424 1378 Jampridem
445 1323 559 1365 hanc
582 1323 748 1379 prolem
770 1323 898 1379 cupio
921 1337 1174 1366 enumerare
1196 1339 1408 1381 meorum,

94 1392 122 1413 “
142 1393 237 1446 Quo
258 1393 398 1450 magis
421 1394 556 1436 Italia
578 1409 752 1437 meeum
774 1395 935 1438 laetere
958 1398 1231 1452 reperta.'’—-

94 1462 120 1483 ‘⁶
142 1463 178 1507 O
204 1469 343 1520 pater,
364 1479 477 1506 anne
499 1464 669 1521 aliquas
691 1466 747 1508 ad
770 1466 940 1508 coelum
962 1467 1063 1509 hinc
1086 1467 1148 1509 ire
1171 1468 1423 1524 putandum
1445 1472 1510 1509 est

97 1534 124 1554 “
145 1534 362 1576 Sublimes
385 1535 570 1590 animas,
594 1535 843 1591 iterumque
866 1537 923 1578 ad
944 1538 1071 1579 tarda
1094 1537 1251 1579 reverti
1439 1536 1466 1581 7
1470 1538 1528 1579 20

95 1602 122 1624 “
143 1603 331 1659 Corpora
347 1605 368 1646 Ρ
435 1604 556 1657 Quae
578 1604 687 1646 lucis
709 1605 877 1648 miseris
900 1612 994 1648 tam
1015 1607 1108 1649 dira
1131 1607 1291 1663 cupide
1312 1608 1332 1650 P
1352 1609 1439 1638 ³¹—-

98 1673 125 1694 “
146 1674 304 1716 Dicam
327 1675 544 1730 equidem,
570 1689 646 1717 nec
670 1680 715 1717 te
739 1690 1014 1732 suspensum,
1040 1682 1157 1733 nate,
1183 1678 1383 1733 tenebo,''

95 1745 289 1802 Suscipit
313 1745 543 1801 Anchises,
569 1751 705 1802 atque
729 1747 877 1789 ordine
901 1747 1075 1804 singula
1098 1749 1268 1804 pandit.

95 1815 122 1836 ‘⁴
139 1815 359 1872 Principio
382 1816 552 1858 coelum
575 1831 624 1858 ac
650 1822 786 1859 terras
811 1832 1074 1874 camposque
1096 1819 1332 1874 liquentes,

95 1884 124 1906 “
142 1885 472 1942 Lucentemque
494 1886 674 1942 globum
695 1887 848 1930 Lunae
873 1888 1141 1945 Titaniaque
1163 1895 1295 1945 astra,
1440 1888 1528 1934 725

95 1956 122 1977 ‘⁴
145 1957 337 2013 Spiritus
357 1958 478 2001 intus
501 1959 596 2014 alit,
620 1964 849 2016 totamque
871 1960 1016 2003 infusa
1037 1976 1114 2017 per
1135 1967 1258 2004 artus

95 2026 121 2049 “
141 2027 266 2071 Mens
289 2028 434 2085 agitat
458 2029 619 2072 molem
642 2035 688 2073 et
709 2045 868 2087 magno
892 2046 935 2074 se
959 2046 1130 2088 corpore
1151 2033 1317 2076 miscet.

96 2097 123 2118 “
142 2098 253 2140 Inde
276 2099 504 2141 homiuum
528 2101 835 2157 pecudumque
857 2117 994 2158 genus
1017 2104 1221 2159 vitaeque
1244 2104 1486 2159 volantum,

99 2167 127 2188 ‘⁶
146 2168 208 2211 Et
233 2183 344 2224 quae
367 2184 606 2213 marmoreo
627 2171 710 2213 fert
732 2179 926 2215 monstra
949 2174 1029 2216 sub
1053 2189 1234 2230 aequore
1258 2181 1430 2230 pontus.

97 2239 126 2259 ‘⁴
145 2239 307 2294 Igneus
330 2244 395 2281 est
418 2240 512 2282 ollis
535 2241 656 2296 vigor
677 2250 721 2283 et
746 2242 948 2285 coelestis
972 2244 1087 2300 origo
1441 2243 1528 2287 730

100 2309 127 2330 “
148 2310 411 2365 Seminibus,
436 2316 653 2366 quantum
676 2326 762 2353 non
784 2312 916 2354 noxia
939 2328 1113 2370 corpora
1135 2315 1328 2369 tardant,

99 2378 127 2402 “
145 2380 408 2436 Terrenique
432 2381 642 2424 hebetant
665 2387 787 2424 artus
801 2377 1159 2440 ‘moribundaque
1183 2386 1392 2429 membra.

104 2449 131 2471 “
150 2450 267 2493 Hinc
299 2456 507 2494 metuunt
540 2452 829 2508 cupiuntque,
863 2454 1013 2496 dolent
1055 2456 1352 2511 gaudentque,
1387 2470 1528 2511 neque

101 2519 128 2542 ‘⁴
148 2521 403 2577 Dispiciunt
428 2522 599 2565 clausae
622 2523 813 2566 tenebris
836 2528 880 2566 et
905 2539 1072 2567 carcere
1095 2540 1233 2571 caeco.
1383 2524 1529 2581 [auras

101 2591 127 2614 ‘⁴
145 2592 261 2646 Quin
283 2597 329 2635 et
352 2607 554 2651 supremo
577 2608 716 2650 quum
737 2594 902 2638 lumine
920 2595 1013 2638 vita
1036 2597 1227 2654 reliquit,
1441 2596 1528 2641 735
