1757 2916
189 139 280 183 260
674 149 906 180 AENmnos
937 148 1026 180 Lm.
1061 148 1123 179 XJ.

184 259 211 281 “
231 260 317 303 Tot
340 259 493 317 populi
516 258 668 301 misere
693 259 824 301 duces
841 272 852 311 ;
887 272 966 300 nec
989 272 1126 313 parva
1149 261 1357 312 sequetur
1530 253 1620 298 430

186 331 215 353 ‘⁴
235 331 387 374 Gloria
409 331 598 373 delectos
617 330 745 372 Latio
769 336 813 371 et
839 329 1135 370 Laurentibus
1157 328 1283 384 agris.

184 403 210 423 ‘³
228 403 311 445 Est
336 408 379 445 ct
404 402 665 445 Volscorum
690 401 861 457 egregia
884 401 935 442 de
959 405 1088 455 gente
1113 399 1316 454 Camilla,

184 473 211 495 '¹‘
230 475 406 531 Agmcn
431 488 561 530 agens
585 474 785 528 equitum
808 477 852 513 et
874 471 1077 513 florentes
1099 485 1196 512 aere
1221 477 1418 513 catervas

184 545 211 566 ‘⁶
233 545 398 599 Quodsi
423 559 492 586 me
517 545 657 586 solum
682 542 840 585 Teucri
861 544 907 584 in
932 541 1173 584 certamina
1197 547 1397 598 poscunt,

184 616 210 637 ‘⁴
231 617 371 672 quue
396 617 556 672 placet,
582 620 848 670 tantumque
869 613 992 656 bonis
1015 612 1322 655 communibus
1344 613 1496 656 obsto:
1532 611 1619 655 435

183 688 210 709 ‘⁶
232 688 333 730 Non
358 688 463 729 adeo
486 687 564 728 has
587 700 717 728 exosa
740 699 895 727 manus
920 684 1116 726 Victoria
1139 683 1274 740 fugit,

183 760 210 780 “
233 759 298 802 Ut
323 764 450 802 tanta
472 757 719 814 quidquam
741 771 818 814 pro
843 770 918 813 spe
941 760 1113 798 tentare
1134 768 1347 798 recusem.

183 829 211 851 “
229 830 312 873 Ibo
336 828 496 871 animis
519 833 684 882 contra,
707 827 779 870 vel
800 840 1014 883 magnum
1035 830 1229 882 praestet
1253 823 1476 879 Achillen,

184 900 212 922 “
231 901 461 957 Factaque
484 898 677 942 Vulcani
699 898 903 963 manibus
925 897 1047 954 paria
1068 897 1228 939 induat
1253 910 1377 938 arma

183 973 213 995 “
228 974 312 1016 Ille
336 973 453 1016 licet.
519 972 656 1015 Vobis
679 970 876 1014 animam
896 969 1009 1012 hane
1033 982 1261 1025 soceroque
1284 967 1447 1010 Latino
1530 966 1621 1010 440

185 1044 214 1066 ‘⁶
232 1045 408 1087 Turnus
431 1059 523 1101 ego,
546 1043 666 1085 haud
689 1042 770 1085 ulli
790 1047 992 1084 veterum
1012 1041 1178 1083 virtute
1202 1040 1433 1094 secundus,

185 1115 214 1137 “
229 1116 407 1159 Devovi.
473 1113 628 1158 Solum
650 1113 825 1156 Aeneas
841 1117 980 1156 vocat.
1044 1112 1107 1154 Et
1128 1116 1252 1154 vocet
1275 1125 1346 1153 oro
1367 1124 1378 1164 3

185 1186 214 1208 ‘⁶
233 1187 327 1230 Nee
353 1186 550 1229 Drances
572 1185 735 1242 potius,
761 1184 848 1227 sive
871 1188 937 1226 est
958 1183 1066 1226 haee
1089 1183 1152 1226 ira
1173 1183 1366 1237 deorum,

187 1257 215 1279 “
235 1258 376 1300 Morte
399 1258 510 1313 luat,
536 1257 623 1299 sive
647 1261 714 1298 est
737 1255 878 1297 virtus
901 1259 945 1297 et
968 1255 1114 1311 gloria,
1143 1254 1317 1297 tollat.'’

277 1329 352 1371 Illi
374 1329 481 1371 haee
505 1328 620 1370 inter
642 1341 685 1370 se
708 1326 854 1369 dubiis
877 1327 929 1369 de
951 1326 1079 1368 rebus
1101 1326 1289 1382 agebant
1439 1354 1442 1356 v
1530 1322 1618 1367 445

186 1399 416 1443 Certantes
433 1413 443 1453 ;
479 1403 622 1441 castra
644 1397 818 1440 Aeneas
839 1396 1063 1452 aciemque
1085 1396 1301 1439 movebat.

185 1471 385 1513 Nuntius
408 1469 581 1526 ingenti
603 1482 679 1524 per
701 1467 820 1524 regia
841 1472 962 1509 tecta
985 1467 1186 1509 tumultu
1235 1467 1240 1472 ’

184 1541 300 1584 Ecce
322 1541 425 1596 ruit,
449 1539 707 1596 magnisque
729 1538 883 1581 urbem
903 1537 1138 1581 terroribus
1159 1536 1345 1594 implet:

184 1612 432 1655 Instructos
453 1611 544 1654 acie
569 1609 773 1653 Tiberino
796 1625 822 1652 a
844 1608 1026 1652 flumine
1050 1608 1240 1652 Teucros

186 1683 548 1740 Tyrrhenamque
571 1696 754 1724 manum
776 1680 883 1724 totis
905 1680 1164 1724 descendere
1187 1679 1367 1736 eampis.
1531 1678 1622 1723 450

184 1754 428 1810 Extemplo
450 1752 621 1796 turba-ti
643 1752 781 1795 animi
803 1765 1100 1807 concussaque
1121 1750 1246 1808 vulgi

185 1825 381 1878 Pectora,
409 1829 453 1866 et
476 1829 668 1866 arrectae
691 1822 885 1865 stimulis
906 1822 1027 1864 haud
1048 1821 1254 1864 mollibus
1276 1821 1375 1864 irae.

187 1896 328 1941 Arma
350 1909 485 1937 manu
507 1894 670 1950 trepidi
691 1898 878 1950 poscunt
895 1907 906 1947 3
938 1892 1086 1935 fremit
1110 1907 1230 1934 arma
1246 1891 1459 1947 juventus
1475 1905 1486 1946 ;

185 1966 319 2009 Flent
343 1965 501 2008 maesti
522 1967 811 2020 mussantque
832 1968 992 2020 patres.
1057 1963 1145 2006 Hie
1167 1963 1362 2019 undiquc
1385 1963 1547 2005 clamor

188 2037 401 2080 Dissensu
422 2036 539 2078 vario
562 2050 750 2092 magnus
773 2049 816 2077 se
839 2033 957 2077 tollit
980 2034 1035 2077 ad
1059 2049 1210 2078 auras:
1532 2034 1620 2079 455

188 2108 325 2150 Haud
347 2122 470 2150 secus
492 2111 625 2163 atquc
649 2106 740 2148 alto
762 2105 807 2148 in
828 2105 927 2148 luco
949 2119 1088 2161 quum
1109 2105 1219 2148 forte
1242 2111 1441 2148 catervae

189 2179 429 2222 Consedere
453 2177 615 2232 avium,
641 2176 861 2233 piscosove
883 2191 1011 2219 amne
1035 2177 1237 2219 Padusae

189 2249 313 2292 Dant
337 2249 530 2292 sonitum
553 2248 672 2290 rauci
693 2262 770 2304 per
792 2253 950 2304 stagna
970 2248 1170 2303 loquacia
1193 2247 1328 2303 cycni.

190 2322 215 2342 ‘⁵
238 2321 424 2375 Immo‚'’
447 2320 511 2363 ait
536 2319 563 2340 “
582 2334 605 2362 o
629 2319 786 2374 cives‚”
809 2324 983 2375 arrepto
1007 2325 1200 2375 tempore
1225 2319 1401 2361 Turnus

190 2393 218 2413 ‘⁶
241 2392 395 2448 Cogite
417 2391 664 2444 concilium,
690 2395 733 2432 ct
756 2405 905 2446 pacem
930 2391 1111 2433 laudate
1135 2390 1361 2443 sedentes;
1532 2388 1621 2432 460

190 2464 217 2484 ⁴⁶
234 2464 308 2506 Illi
330 2463 463 2506 armis
484 2463 529 2505 in
552 2477 684 2519 regna
701 2462 874 2504 1·uant.'’
938 2461 1030 2503 Nee
1054 2462 1181 2517 plura
1201 2461 1378 2503 locutus

191 2534 413 2591 Corripuit
436 2548 526 2577 sese
549 2538 594 2576 et
615 2531 748 2575 tectis
771 2532 885 2574 citus
909 2532 1074 2574 extulit
1098 2531 1212 2574 altis.

190 2605 216 2626 “
237 2605 322 2659 Tu,
347 2604 527 2659 Voluse‚
552 2602 711 2646 armari
735 2601 992 2645 Volscorum
1015 2601 1133 2645 edice
1157 2600 1378 2659 maniplis,
