1741 2902
1443 107 1484 147 [Ξ

1481 107 1529 149 ζ’,ῗ

591 118 819 148 AENEIDOS
852 119 937 149 LIB.
972 118 1030 148 XI.

111 229 335 271 Insultans
358 227 540 283 sonipes,
566 232 610 268 et
633 226 787 282 pressis
810 231 980 283 pugnat
1002 225 1181 268 habenis
1445 225 1532 267 600

111 299 210 341 Huc
234 299 436 342 obversus
460 303 503 339 et
525 297 610 339 huc
627 312 636 351 3
673 303 770 340 tum
792 297 880 339 late
903 297 1062 339 ferreus
1084 296 1222 338 hastis
1555 299 1558 302 “

111 369 268 412 Horret
291 384 404 425 ager,
429 368 657 424 campique
680 368 810 409 armis
833 368 1091 411 sublimibus
1114 367 1279 409 ardent.

109 439 200 481 Nec
224 455 310 482 non
333 439 562 494 Messapus
585 444 735 481 contra
759 439 1000 494 celeresque
1023 437 1174 480 Latini

110 511 169 552 Et
194 525 295 553 cum
316 510 449 552 fratre
475 510 605 552 Coras
629 515 673 552 et
697 510 874 565 virginis
897 510 966 551 ala
992 509 1203 553 Camillae

114 581 294 623 Adversi
316 595 468 637 campo
492 586 719 636 apparent,
744 581 977 635 hastasque
1000 580 1193 622 reductis
1448 579 1533 621 (305

110 651 384 699 Prot-endunt
407 652 532 707 longe
555 651 723 693 dextris
747 656 791 692 et
815 650 981 706 spicula
998 650 1188 704 vibrant,

108 722 425 777 Adventusque
447 722 587 763 virum
610 721 895 776 fremitusque
918 721 1105 763 ardescit
1129 734 1350 776 equorum²

108 792 300 847 Jamque
323 792 438 834 intra
454 792 626 847 jactum
651 791 727 833 teli
748 806 995 847 progressus
1017 797 1204 847 uterque

110 863 405 916 Oonstiterat3
441 862 583 904 subito
607 867 844 916 erumpunt
868 862 1064 915 clamore,
1089 862 1368 917 furentesque

107 933 411 975 Exhortantur
433 946 588 988 equos;
623 932 818 973 fundunt
844 931 976 973 simul
1000 932 1195 987 undique
1220 932 1308 974 tela
1447 932 1534 973 610

109 1003 283 1058 Crebra,
308 1003 418 1045 nivis
442 1003 543 1057 ritu,
569 1002 823 1057 coelumque
847 1002 1073 1043 obtexitur
1094 1003 1262 1045 umbra.

109 1074 329 1118 Continuo
352 1073 541 1116 adversis
566 1073 816 1128 Tyrrhenus
839 1077 882 1114 et
907 1087 1004 1120 acer
1027 1072 1253 1114 Aconteus

109 1144 297 1188 Connixi
316 1144 545 1187 incurrunt
567 1143 719 1198 hastis,
743 1142 959 1199 primique
982 1143 1156 1185 ruinam

86 1216 233 1259 ‘Dant
256 1216 405 1259 sonitu
426 1215 611 1272 ingenti,
637 1215 942 1271 perfractaque
966 1215 1386 1271 quadrupedantum

107 1287 292 1329 Pectora
313 1286 560 1343 pectoribus
582 1291 807 1342 rumpunt.
842 1286 845 1291 ’
872 1285 1096 1336 Excussus
1121 1286 1345 1329 Aconteus
1443 1287 1528 1330 615

106 1356 324 1400 Fulminis
346 1357 393 1399 in
414 1371 578 1399 morem
600 1362 678 1399 aut
701 1362 918 1399 tormento
940 1358 1140 1413 ponderis
1162 1358 1252 1401 acti

107 1423 378 1483 Praecipitat
399 1428 541 1483 longe,
566 1433 611 1469 et
633 1427 773 1469 vitam
795 1427 1004 1484 dispergit
1025 1428 1073 1470 in
1094 1443 1234 1472 auras.

106 1497 345 1553 Extemplo
369 1498 572 1539 turbatae
595 1497 722 1551 acies,
748 1497 942 1552 versique
966 1497 1116 1540 Latini

107 1569 331 1625 Rejiciunt
354 1582 528 1625 parmas
551 1573 595 1610 et
617 1583 748 1624 equos
771 1569 826 1610 ad
849 1568 1019 1610 moenia
1042 1573 1232 1612 vertunt.

108 1639 240 1682 Troes
264 1644 428 1694 agunt3
463 1638 664 1694 princeps
686 1643 858 1681 turmas
880 1638 1050 1680 inducit
1072 1638 1230 1681 Asilas.
1447 1639 1534 1682 620

105 1709 298 1765 Jamque
320 1708 673 1765 propinquabant
697 1709 830 1764 portis
850 1723 860 1762 3
896 1723 1130 1764 rursusque
1153 1708 1303 1751 Latini

107 1781 354 1823 Clamorem
375 1779 553 1834 tollunt,
579 1783 622 1821 et
645 1779 792 1821 mollia
815 1780 924 1821 colla
946 1780 1202 1824 reflectunt:

107 1850 170 1892 Hi
190 1850 368 1906 fugiunt
391 1849 654 1906 penitusque
678 1850 794 1892 datis
817 1850 1064 1892 referuntur
1085 1850 1278 1894 habenis.

107 1921 259 1975 Qualis
280 1921 356 1963 ubi
379 1921 548 1963 alterno
571 1934 821 1976 procurrens
844 1920 1018 1977 gurgite
1041 1926 1203 1978 pontus

106 1991 237 2033 Nunc
261 1991 348 2034 ruit
371 1992 427 2033 ad
449 1996 624 2046 terram,
649 1991 933 2047 scopulosque
956 1991 1194 2048 superjacit
1216 1993 1337 2035 unda
1446 1994 1533 2037 625

109 2062 339 2117 Spumeus,
363 2067 695 2117 extremamque
719 2062 818 2105 sinu
839 2063 1065 2118 perfundit
1087 2078 1264 2106 arenam
1280 2078 1290 2117 ;

108 2132 239 2174 Nunc
262 2132 438 2188 rapidus
461 2137 571 2174 retro
593 2138 727 2186 atque
749 2138 874 2175 aestu
896 2135 1093 2176 revoluta
1117 2135 1336 2176 resorbens

110 2203 225 2245 Saxa
246 2202 375 2258 fugit,
399 2202 591 2257 litusque
614 2203 723 2244 vado
745 2203 921 2244 labente
946 2204 1165 2258 relinquit.

110 2273 186 2315 Bis
211 2272 345 2314 Tusci
367 2272 556 2314 Rutulos
579 2286 698 2328 egere
721 2272 776 2313 ad
798 2273 969 2314 moenia
989 2287 1132 2314 versos
1147 2287 1158 2326 ;

109 2343 185 2386 Bis
208 2343 355 2399 rejecti
377 2343 506 2384 armis
530 2348 778 2398 respectant
803 2347 926 2398 terga
948 2348 1158 2398 tegentes.
1444 2345 1530 2387 630

109 2413 258 2455 Tertia
280 2414 355 2456 sed
377 2419 608 2469 postquam
631 2413 846 2469 congressi
867 2413 913 2454 in
935 2413 1112 2469 proelia,
1140 2418 1255 2456 totas

109 2484 368 2540 Implicuere
390 2484 504 2526 inter
525 2498 568 2525 se
590 2483 716 2538 acies,
739 2483 932 2540 legitque
957 2483 1099 2526 virum
1120 2484 1185 2527 vir
1202 2498 1214 2539 3

109 2554 227 2596 Tum
248 2568 347 2596 vero
369 2558 414 2596 et
437 2554 628 2610 gemitus
652 2554 917 2597 morientum
939 2560 984 2597 et
1007 2555 1217 2612 sanguine
1240 2555 1284 2598 in
1307 2555 1398 2599 alto

375 2623 424 2661 12
