1778 2937
164 104 220 146 36
670 115 902 145 AENEmos
935 116 1022 146 Lm.
1061 118 1106 146 ιι.

163 222 191 244 “
207 223 388 266 Arduus
410 229 602 266 armatos
625 223 780 266 mediis
803 224 848 265 in
871 223 1097 266 moenibus
1119 223 1303 265 adstans

169 293 195 313 ‘⁶
216 292 386 335 Fundit
411 308 563 349 equus,
583 293 810 350 victorque
836 293 971 337 Sinon
992 293 1195 336 incendia
1217 291 1373 335 miscet

163 363 191 383 “
211 364 437 406 Insultans
453 378 464 418 ;
499 364 635 421 portis
657 364 735 407 alii
756 364 1065 421 bipatentibus
1088 364 1266 418 adsunt,

162 434 189 456 “
210 435 352 478 Millia
375 442 484 492 quot
509 436 678 493 magnis
701 450 913 492 umquam
937 449 1091 478 venere
1116 434 1313 491 Mycenis
1334 447 1346 488 ;
1380 452 1382 455 ’

162 507 190 528 “
211 506 431 551 Obsedere
454 507 530 550 alii
552 507 651 550 telis
674 512 866 564 angusta
889 506 1059 549 viarum

163 577 193 600 “
213 577 417 635 Oppositi
432 592 444 632 3
481 583 573 621 stat
594 578 695 620 ferri
717 578 830 620 acies
853 591 1060 619 mucrone
1083 591 1258 619 corusco

163 648 191 670 ‘⁴
214 649 396 705 Stricta,
421 653 575 705 parata
596 648 693 691 neci
713 663 724 703 ;
758 648 834 690 vix
857 648 988 705 primi
1010 648 1173 704 proelia
1197 652 1377 690 tentant

163 719 190 740 ‘⁶
210 719 446 762 Portarum
469 719 635 775 vigiles,
661 724 705 760 et
728 732 854 761 caeco
878 718 1022 760 Marte
1044 718 1297 762 resistunt.⁷’

211 790 396 832 Talibus
422 789 679 845 Othryadae
702 790 833 832 dictis
855 794 901 832 et
924 789 1105 832 numine
1128 790 1280 832 divum

164 860 217 902 In
240 860 441 902 flammas
464 866 509 902 et
528 859 575 901 in
597 874 720 902 arma
741 860 863 916 feror,
888 874 974 915 quo
998 860 1139 903 tristis
1161 860 1336 916 Erinys,

164 932 260 984 Quo
282 932 485 974 fremitus
507 936 636 974 vocat
658 937 703 974 et
726 931 928 974 sublatus
950 932 1007 974 ad
1029 932 1209 974 aethera
1231 932 1406 976 clamor.

162 1003 352 1045 Addunt
376 1018 420 1045 se
444 1003 579 1046 socios
603 1003 802 1059 Rhipeus
824 1008 869 1046 et
891 1003 1113 1046 maximus
1135 1004 1267 1046 armis

163 1073 356 1129 Epytus,
382 1073 520 1116 oblati
541 1088 618 1130 per
639 1074 808 1129 lunam,
834 1074 1125 1131 Hypanisque
1151 1074 1407 1131 Dymasque

134 1184 141 1193 ,
160 1144 223 1187 Et
245 1144 372 1186 lateri
394 1144 695 1201 agglomerant
717 1150 880 1201 nostro,
899 1145 1161 1202 juvenisque
1186 1146 1405 1189 Coroebus

161 1214 561 1271 Mygdonides—illis
583 1216 639 1258 ad
664 1215 841 1272 Trojam
863 1216 973 1259 forte
995 1216 1148 1259 diebus

160 1284 371 1341 Venerat,
396 1285 549 1328 insano
574 1285 845 1329 Cassandrae
867 1286 1071 1330 incensus
1094 1302 1252 1344 amore,

166 1356 229 1399 Et
251 1371 383 1413 gener
407 1357 624 1399 auxilium
647 1356 826 1400 Priamo
850 1358 1188 1415 Phrygibusque
1212 1360 1397 1417 ferebat,

161 1426 338 1482 Infelix,
365 1427 441 1483 qui
464 1442 552 1470 non
574 1442 755 1484 sponsae
777 1434 1013 1486 praecepta
1035 1429 1224 1473 furentis

162 1497 405 1541 Audierit-.

161 1568 278 1620 Quos
301 1569 377 1610 ubi
400 1569 617 1612 confertos
639 1570 802 1612 audere
823 1570 870 1612 in
892 1571 1055 1627 proelia
1076 1572 1168 1615 vidi
1185 1586 1196 1627 ;

160 1639 331 1696 Incipio
353 1654 484 1696 super
505 1640 572 1683 his
590 1655 599 1684 :
639 1640 667 1661 “
684 1640 897 1698 Juvenes,
921 1642 1162 1686 fortissima
1183 1644 1346 1688 frustra

162 1709 189 1730 “
211 1711 410 1766 Pectora,
436 1711 472 1753 si
494 1712 617 1755 vobis
640 1712 880 1755 audentem
905 1719 1103 1757 extrema
1121 1716 1282 1772 cupido

161 1781 188 1800 ‘⁶
209 1781 341 1825 Certa
364 1782 623 1838 sequi-quae
647 1783 704 1825 sit
728 1784 858 1827 rebus
881 1785 1073 1841 fortuna,
1097 1786 1256 1829 videtis
1277 1803 1285 1830 z

160 1851 188 1872 ‘⁶
208 1852 445 1894 Excessere
469 1867 620 1895 omnes
642 1854 789 1908 adytis
811 1855 984 1911 arisque
1007 1844 1169 1898 relictis

1410 1110 1421 1131 7

160 1922 187 1944 ‘⁸
210 1923 284 1978 Di,
310 1922 469 1977 quibus
490 1923 725 1979 imperium
747 1924 827 1967 hoc
852 1930 1037 1968 steterat
1053 1940 1065 1981 3
1101 1928 1353 1970 succurritis
1376 1928 1475 1971 urbi

160 1992 187 2013 ‘⁶
205 1992 436 2035 Incensac-
457 2007 469 2047 3
504 1992 743 2036 moriamur
764 2001 810 2038 et
831 1995 878 2038 in
900 1996 1045 2039 media
1067 2012 1190 2039 arma
1213 2013 1403 2042 ruamus.

160 2062 189 2084 “
209 2063 314 2106 Una
337 2064 454 2107 salus
476 2063 604 2107 victis
626 2066 794 2108 nullam
816 2080 989 2122 sperare
1013 2067 1244 2112 salutem.''

161 2134 233 2178 Sic
257 2134 416 2177 animis
432 2135 651 2192 juvenum
673 2136 789 2179 furor
811 2137 990 2180 additus
1011 2153 1020 2182 :
1056 2138 1170 2195 inde,
1197 2140 1291 2197 lupi
1314 2155 1394 2183 ceu

160 2203 378 2260 Raptores
401 2210 498 2247 atra
519 2205 564 2248 in
587 2206 763 2262 nebula,
790 2222 897 2264 quos
919 2207 1116 2264 improba
1140 2211 1304 2254 ventris

165 2275 330 2332 Exegit
353 2290 502 2319 caecos
524 2277 679 2334 rabies,
704 2278 928 2335 catulique
951 2281 1094 2324 relicti

140 2346 386 2393 ,Faucibus
410 2354 670 2405 exspectant
693 2350 831 2406 siccis,
856 2366 931 2406 per
955 2352 1056 2408 tela,
1081 2368 1156 2409 por
1180 2354 1324 2397 hostes

1515 362 1603 404 330

1520 719 1602 763 335

1509 1075 1599 1118 340

1510 1432 1598 1477 345

1506 1789 1595 1832 350

1509 2142 1597 2186 355

170 2416 386 2461 Vadimus
409 2419 528 2462 haud
551 2420 731 2462 dubiam
753 2421 799 2463 in
821 2427 1023 2479 mortem,
1049 2424 1303 2480 mediaeque
1327 2430 1532 2468 tenemus

162 2487 295 2532 Urbis
317 2489 410 2534 iter.
475 2491 576 2534 Nox
599 2497 698 2535 atra
719 2507 825 2535 cava
846 2493 1132 2538 circumvolat
1156 2497 1324 2540 umbra.

155 2553 267 2611 Quis
289 2560 460 2604 cladem
483 2561 602 2605 illius
627 2563 781 2619 noctis,
807 2563 907 2620 quis
931 2565 1086 2609 funera
1109 2566 1242 2610 fando

1503 2498 1593 2542 360
