1741 2902
631 100 859 131 AENEIDOS
891 102 977 133 LIB.
1013 103 1076 135 XI.

160 209 271 254 Orsa
295 209 424 252 refert
444 223 453 253 :
491 207 518 229 ‘⁶
539 207 576 252 Ο
601 208 719 251 fama
740 208 906 265 ingens,
928 209 1148 266 ingentior
1169 210 1315 266 armis,

162 279 189 300 ‘⁴
208 279 289 322 Vir
312 279 511 334 Trojane,
536 278 696 334 quibus
720 279 838 322 coelo
860 284 905 322 te
926 280 1130 322 laudibus
1153 282 1373 337 aequem?

161 349 188 370 ‘⁶
206 350 474 393 Justitiacne
497 350 616 406 prius
639 350 770 392 mirer
790 350 950 409 belline
971 351 1168 394 laborum
1185 353 1205 395 Ρ

160 420 188 441 “
204 419 295 463 Nos
317 435 415 463 vero
436 420 543 462 haec
566 420 757 476 patriam
779 421 895 478 grati
918 421 1153 463 referemus
1176 422 1231 463 ad
1254 421 1420 476 urbem,

160 489 188 510 ‘⁶
206 490 267 532 Et
289 495 347 546 te,
372 490 408 533 si
430 504 517 546 qua
539 490 657 532 Viam
682 491 850 533 dederit
872 490 1064 547 fortuna,
1087 491 1249 534 Latino

161 559 188 580 ‘⁶
202 559 453 617 Jungemus
476 561 564 617 regi
584 576 594 615 3
630 567 811 617 quaerat
835 561 918 604 sibi
939 561 1112 604 foedera
1136 562 1325 606 Turnus.

161 631 189 652 “
208 632 326 685 Quin
348 638 392 675 et
413 633 571 677 fatales
593 648 819 676 murorum
841 634 1041 676 attollere
1063 634 1213 689 moles,

160 702 188 723 “
210 703 412 759 Saxaque
436 704 689 746 subvectare
710 703 902 746 humeris
927 703 1114 760 Trojana
1131 703 1349 760 juvabit.’'

160 772 344 816 Dixerat
366 773 487 829 haec,
512 788 684 830 unoque
707 788 856 816 omnes
879 775 1031 817 eadem
1053 789 1122 816 ore
1145 775 1399 818 fremebant.

162 843 238 886 Bis
261 859 383 887 senos
405 845 609 901 pepigere
631 845 737 900 dies,
761 850 805 887 et
828 860 934 902 pace
953 851 1184 901 sequestra

159 916 248 960 Per
270 916 399 960 silvas
423 916 579 959 Teucri
601 917 819 973 mixtique
841 917 1022 973 impune
1045 917 1199 960 Latini

158 986 366 1029 Erravere
382 986 512 1043 jugis.
578 987 710 1029 Ferro
734 991 859 1029 sonat
883 987 975 1029 alta
995 987 1179 1043 bipenni

159 1056 380 1099 Fraxinus
396 1071 408 1111 3
442 1062 647 1099 evertunt
669 1062 790 1100 actas
812 1058 869 1100 ad
893 1057 1031 1100 sidera
1052 1058 1182 1114 pinus
1203 1072 1213 1111 ;
1235 1100 1238 1101 γ

159 1127 330 1170 Robora
352 1142 430 1170 nec
454 1127 602 1170 cuneis
624 1133 668 1170 et
691 1127 882 1170 olentem
905 1128 1098 1171 scindere
1123 1129 1317 1185 cedrum,

158 1198 251 1240 Nec
274 1198 485 1253 plaustris
507 1204 678 1242 cessant
700 1204 873 1241 vectare
897 1199 1175 1255 gementibus
1197 1214 1334 1244 ornos.

248 1268 309 1310 Et
326 1267 422 1325 jam
443 1268 586 1311 Fama
607 1268 773 1324 volans,
798 1269 917 1311 tanti
938 1270 1204 1325 praenuntia
1224 1270 1388 1326 luctus,

158 1339 416 1381 Evandrum
437 1338 721 1395 Evandrique
745 1339 893 1382 domos
915 1344 960 1381 et
983 1339 1156 1382 moenia
1178 1340 1331 1396 replet,

160 1410 280 1463 Quae
302 1411 429 1453 modo
451 1410 662 1453 victorem
685 1410 815 1453 Latio
838 1411 1047 1453 Pallanta
1067 1411 1244 1454 ferebat.

159 1481 355 1523 Arcades
378 1481 433 1523 ad
456 1486 604 1537 portas
627 1495 761 1536 ruere,
787 1486 831 1523 et
854 1481 908 1523 de
930 1495 1047 1523 more
1068 1485 1248 1523 vetusto

158 1551 380 1593 Funereas
403 1565 583 1607 rapuere
604 1550 744 1595 faces:
778 1551 897 1593 lucet
919 1551 990 1593 Via
1012 1551 1140 1607 longo

163 1621 327 1665 Ordine
348 1621 642 1676 flammarum,
668 1625 712 1663 et
735 1621 826 1663 late
852 1621 1127 1664 discriminat
1149 1636 1286 1677 agros.

161 1692 324 1736 Contra
346 1693 480 1734 turba
503 1692 731 1748 Phrygum
754 1692 930 1735 veniens
952 1692 1210 1750 plangentia
1226 1692 1377 1749 jungit

159 1764 363 1820 Agmina.
429 1764 551 1817 Quae
573 1768 811 1819 postquam
832 1769 993 1806 matres
1018 1764 1246 1806 succedere
1269 1763 1401 1806 tectis

160 1835 392 1889 Viderunt,
417 1838 632 1876 maestam
653 1832 896 1876 incendunt
920 1834 1178 1876 clamoribus
1200 1834 1364 1877 urbem.

160 1906 223 1948 At
246 1920 333 1948 non
354 1893 611 1948 Evandrum
631 1904 747 1961 potis
770 1910 836 1946 est
855 1904 922 1947 vis
942 1905 1034 1946 ulla
1056 1909 1202 1947 tenere
1219 1919 1230 1958 3

161 1977 246 2020 Sed
268 1976 388 2018 venit
410 1975 456 2018 in
477 1975 655 2019 medios.
719 1975 900 2017 Feretro
924 1975 1135 2017 Pallanta
1158 1980 1330 2032 reposto

1499 93 1584 136 251

1502 282 1589 325 125

1504 635 1590 676 130

1502 990 1590 1033 135

1500 1340 1590 1384 *140

1504 1692 1589 1736 145

1504 1974 1589 2018 149

161 2046 403 2088 Procubuit
427 2061 556 2102 super
576 2051 711 2102 atque
733 2046 884 2088 haeret
907 2046 1225 2102 lacrimansque
1248 2059 1527 2102 gemensque,

161 2116 221 2157 Et
244 2115 315 2158 via
335 2116 411 2158 vix
432 2117 614 2158 tandem
636 2116 750 2159 vocis
772 2116 923 2158 laxata
945 2116 1089 2158 dolore
1113 2122 1178 2158 est
1200 2130 1210 2159 ε

163 2186 192 2207 “
211 2186 311 2228 Non
331 2186 452 2241 haec,
477 2200 500 2228 o
524 2185 666 2241 Palla7
690 2186 871 2228 dederas
894 2186 1107 2241 promissa
1130 2186 1302 2241 parenti
1319 2199 1329 2238 ;

163 2256 191 2278 ‘⁶
211 2255 400 2299 Cautius
421 2261 474 2298 ut
497 2270 623 2298 saevo
645 2255 779 2298 velles
802 2260 845 2297 te
869 2256 1039 2297 credere
1063 2255 1209 2297 Marti.

164 2326 192 2347 ‘⁴
210 2326 346 2368 Haud
368 2326 546 2382 ignarus
569 2339 701 2380 eram,
727 2330 946 2380 quantum
969 2339 1080 2366 nova
1102 2324 1236 2380 gloria
1260 2324 1306 2366 in
1329 2323 1460 2366 armis

167 2396 194 2417 “
213 2397 274 2439 Et
297 2396 527 2453 praedulce
550 2396 682 2438 decus
704 2396 842 2452 primo
865 2395 1099 2437 certamine
1123 2400 1279 2451 posset.

165 2466 438 2509 “Primitiae
456 2466 628 2522 juvenis
652 2466 843 2520 miserae,
867 2466 1057 2520 bellique
1081 2464 1313 2523 propinqui

167 2535 194 2558 “
213 2537 338 2580 Dura
359 2537 623 2591 rudimenta,
648 2542 692 2578 et
715 2536 825 2579 nulli
847 2537 1056 2578 exaudita
1078 2537 1258 2581 deorum

1506 2117 1584 2156 151

1495 2394 1583 2438 155
