1757 2916
118 133 204 177 158
602 139 833 172 AENEmos
865 140 952 170 121ss.
989 138 1068 168 vn.

119 253 146 274 ‘⁶
166 252 379 308 Perfidus,
403 251 497 294 alta
519 256 674 307 petens
695 249 888 292 abducta
910 246 1076 304 virgine
1099 245 1260 303 praedo
1281 245 1302 288 ?

118 324 145 346 ‘⁶
160 325 226 367 At
248 339 334 366 non
358 324 418 366 sic
442 321 662 378 Phrygius
685 324 891 378 penetrat
915 317 1250 362 Lacedaemona
1271 320 1439 373 pastor,

119 394 145 416 ‘⁶
164 395 470 449 Ledaeamque
496 393 712 435 Helenam
737 390 950 446 Trojanas
972 389 1097 432 vexit
1119 389 1175 431 ad
1197 388 1355 431 urbes!

118 465 145 486 ‘³
166 466 282 520 Quid
305 471 384 508 tua
408 470 561 507 saneta
585 463 691 505 fides
712 464 732 505 Ρ
770 462 877 518 quid
899 475 1004 503 eura
1027 461 1214 516 antiqua
1236 465 1430 515 tuorum,
1466 457 1555 500 365

118 537 146 558 “
165 537 227 580 Et
249 535 571 592 consanguineo
595 533 726 576 toties
748 533 854 575 data
875 532 1058 574 dextera
1081 531 1267 575 Turno?

119 608 146 629 ‘⁶
168 609 214 653 Si
235 623 366 665 gener
388 613 570 649 externa
592 605 761 662 petitur
782 605 835 646 de
858 609 989 660 gente
1012 602 1201 658 Latinis,

119 680 144 700 “
164 680 304 736 quue
329 679 465 731 sedet,
492 676 728 732 Faunique
750 680 960 732 premunt
983 679 1027 717 te
1044 674 1169 730 jussa
1191 672 1413 729 parentis:

119 751 146 771 ‘⁶
165 750 357 794 Omnem
380 748 584 805 equidem
607 747 788 804 sceptris
811 751 976 789 terram
1000 759 1112 802 quae
1134 744 1272 788 libera
1293 742 1455 787 nostris

119 822 145 842 ‘⁴
165 821 377 872 Dissidet,
397 825 629 862 externam
650 833 756 873 reor,
783 822 828 860 et
852 817 913 861 sic
935 817 1078 860 dicere
1101 816 1238 859 divos.
1467 811 1556 858 370

118 892 149 914 “
168 892 230 935 Et
254 892 419 947 Turno,
445 891 481 934 si
502 891 646 947 prima
667 890 823 933 domus
845 892 1073 946 repetatur
1094 887 1224 943 origo,

121 963 148 984 “
168 963 360 1006 Inachus
382 962 670 1018 Acrisiusque
692 965 839 1018 patres
862 959 1120 1015 mediaeque
1144 958 1402 1014 Mycenae.”

119 1034 202 1077 His
224 1034 302 1076 ubi
324 1033 626 1090 nequidquam
647 1031 779 1075 dictis
802 1036 985 1088 experta
1007 1030 1225 1072 Latinum

119 1105 285 1148 Contra
308 1110 422 1147 stare
445 1104 580 1159 videt,
604 1102 875 1160 penitusque
897 1102 944 1144 in
965 1102 1133 1144 viscera
1154 1101 1332 1157 lapsum

118 1176 342 1234 Serpentis
364 1176 517 1219 furiale
541 1176 725 1231 malum,
750 1179 982 1230 totamque
1005 1177 1226 1230 pererrat3
1469 1168 1557 1215 375

118 1247 236 1290 Tum
257 1261 357 1289 vero
378 1245 546 1302 infelix,
571 1245 826 1303 ingentibus
850 1245 998 1288 exeita
1020 1243 1242 1300 monstris,

118 1319 391 1361 Immensam
414 1318 506 1361 sine
528 1332 647 1360 more
668 1317 777 1360 furit
797 1316 1031 1373 lymphata
1053 1330 1131 1373 per
1151 1315 1335 1359 urbem:

119 1390 213 1434 Ceu
236 1390 459 1446 quondam
484 1394 598 1432 torto
619 1388 809 1431 volitans
833 1388 914 1430 sub
936 1387 1113 1431 verbere
1135 1386 1278 1442 turbo,

119 1461 261 1514 Quem
283 1460 410 1516 pueri
430 1474 588 1516 magno
611 1459 656 1501 in
679 1473 784 1514 gyro
807 1472 946 1500 vacua
969 1457 1084 1500 atria
1107 1457 1274 1500 circum

117 1531 291 1574 Intenti
314 1531 419 1573 ludo
442 1534 646 1572 exercent
667 1544 676 1573 :
712 1529 784 1572 ille
807 1534 933 1572 actus
955 1528 1129 1571 habena
1469 1528 1558 1571 380

117 1602 327 1647 Curvatis
350 1602 488 1644 fertur
510 1600 692 1658 spatiis;
728 1604 880 1657 stupet
901 1599 1041 1643 inscia
1064 1614 1196 1657 supra

116 1674 419 1730 Impubesque
442 1687 616 1729 manus,
641 1672 804 1715 mirata
825 1671 1016 1715 volubile
1037 1672 1208 1714 buxum
1226 1684 1238 1726 ;

117 1745 244 1788 Dant
267 1744 437 1787 animos
459 1744 626 1802 plagae.
690 1743 791 1786 Non
816 1758 946 1787 eursu
969 1744 1139 1801 segnior
1159 1744 1235 1787 illo

117 1817 202 1859 Per
224 1816 389 1858 medias
411 1816 542 1858 urbes
564 1815 711 1872 agitur
733 1816 1006 1872 populosque
1027 1815 1201 1859 feroces.

119 1888 236 1942 Quin
259 1889 397 1930 etiam
419 1888 465 1930 in
488 1888 632 1944 silvas,
658 1888 864 1931 simulato
886 1888 1068 1930 numine
1093 1888 1271 1944 Bacchi,
1468 1889 1556 1934 385

121 1959 264 2016 Majus
287 1959 442 2002 adorta
464 1959 587 2002 nefas
609 1958 907 2015 majoremque
929 1973 1024 2002 orsa
1046 1959 1251 2015 furorem,

119 2030 295 2086 Evolat,
320 2034 364 2072 ct
387 2034 540 2072 natam
560 2029 772 2073 frondosis
795 2029 1020 2073 montibus
1041 2029 1180 2086 abdit,

119 2101 213 2155 Quo
237 2100 486 2143 thalamum
509 2099 668 2156 eripiat
694 2099 873 2142 Teucris
895 2100 1135 2156 taedasque
1157 2105 1363 2156 moretur,

118 2172 236 2214 Evoe
260 2170 435 2214 Bacche
457 2170 659 2226 fremens,
684 2171 825 2213 solum
849 2177 893 2213 tc
915 2171 1082 2228 virgine
1106 2171 1292 2228 dignum

120 2241 371 2284 Vociferans
392 2255 401 2285 :
438 2241 605 2283 etenim
626 2241 778 2284 molles
801 2241 883 2284 tibi
907 2256 1075 2284 sumere
1098 2242 1282 2298 thyrsos,
1465 2245 1554 2287 390

118 2312 181 2355 Te
204 2313 388 2355 lustrare
410 2312 551 2367 choro,
578 2326 747 2354 sacrum
770 2312 852 2354 tibi
876 2327 1050 2369 pascere
1073 2313 1250 2357 crinem.

118 2384 259 2426 Fama
281 2384 412 2436 volat,
436 2383 647 2439 furiisque
669 2397 871 2425 accensas
894 2390 1067 2440 pectore
1090 2389 1252 2427 matres

119 2456 243 2498 Idem
265 2469 414 2498 omnes
437 2454 567 2497 simul
589 2454 713 2496 ardor
734 2454 826 2510 agit
851 2469 960 2496 nova
982 2468 1184 2510 quaerere
1208 2459 1338 2498 tecta.

119 2527 360 2569 Deseruere
384 2527 534 2569 domos
555 2540 565 2580 ;
601 2525 741 2567 ventis
764 2526 874 2568 daut
899 2527 1008 2568 eolla
1030 2541 1274 2582 comasque.

125 2600 205 2643 Ast
227 2598 338 2640 aliae
362 2597 563 2640 tremulis
587 2596 829 2639 ululatibus
853 2597 1029 2639 aethera
1055 2597 1292 2653 complent,
1465 2599 1552 2643 395
