1757 2916
125 136 213 181 148
609 143 839 176 AENEIDOS
871 144 958 174 Lm.
995 143 1077 173 vn,

127 257 283 302 Delati
304 257 352 301 in
373 261 541 314 portus,
566 269 655 298 neu
676 254 806 297 litora
829 253 924 296 dira
947 251 1160 308 subirent,

125 329 368 386 Neptunus
389 328 534 371 ventis
555 326 759 383 implevit
782 325 880 367 vela
903 323 1121 378 secundis,

126 402 281 457 Atque
303 400 455 457 fugam
477 399 600 442 dedit
623 403 667 440 et
691 402 866 454 praeter
888 396 1000 438 vada
1020 394 1187 437 fervida
1209 392 1341 436 vexit.

127 473 320 528 Jamque
344 470 604 514 rubescebat-
627 468 759 511 radiis
782 481 919 523 mare,
944 471 988 508 et
1010 466 1185 508 aethere
1208 455 1270 507 ab‘
1286 465 1377 507 alto

128 544 301 586 Aurora
323 543 368 585 in
392 542 522 585 roseis
544 540 745 597 fulgebat
766 539 891 580 lutea
913 537 1052 594 bigis3

130 614 277 667 Quum
300 612 423 655 venti
446 603 638 668 posuere,
664 609 891 664 omnisque
915 612 1093 664 repente
1116 606 1278 649 resedit

129 685 302 739 Flatus,
327 688 372 725 et
395 683 441 725 in
461 683 582 725 lento
602 682 832 723 luctantur
853 692 1069 721 marmore
1091 683 1256 721 tonsae.

130 757 280 812 Atque
303 755 373 798 hic
397 755 572 797 Aeneas
593 753 820 810 ingentem
843 766 897 794 ex
919 765 1106 807 aequore
1128 750 1281 792 lucum

133 827 378 884 Prospicit:
413 826 532 869 hunc
554 825 671 868 inter
691 823 826 866 fluvio
850 813 1085 865 Tiberinus
1107 836 1304 877 amoeno,

131 898 386 941 Verticibus
408 897 573 954 rapidis
596 901 641 939 et
663 896 809 938 multa
830 894 971 938 flavus
994 908 1138 950 arena,

131 970 187 1013 In
208 984 327 1012 mare
349 967 596 1025 prorumpit:
616 981 628 1021 ;
662 966 807 1009 variae
829 966 1082 1022 circumque
1105 978 1323 1021 supraque

134 1041 351 1084 Assuctae
373 1039 480 1096 ripis
503 1038 697 1081 volucres
720 1041 764 1079 et
788 1035 985 1079 fluminis
1007 1036 1130 1078 alveo

134 1113 330 1157 Aethera
353 1111 609 1154 mulcebant
631 1114 782 1165 cantu,
806 1109 993 1164 lucoque
1014 1107 1236 1150 volabant.

136 1184 335 1227 Flectere
357 1183 442 1225 iter
464 1181 590 1225 sociis
613 1186 839 1236 terraeque
862 1179 1088 1222 advertere
1109 1192 1259 1234 proras

137 1256 349 1313 Imperat,
374 1259 417 1297 et
441 1255 584 1297 laetus
607 1253 741 1296 fluvio
764 1250 959 1295 succedit
982 1264 1129 1307 opaco,

227 1327 360 1369 Nunc
383 1340 475 1383 age,
500 1325 577 1381 qui
600 1338 734 1380 reges,
759 1323 913 1378 Erato,
937 1335 1050 1377 quae
1074 1326 1276 1376 tempora
1298 1333 1458 1375 rerum,

138 1399 245 1452 Quis
267 1397 398 1440 Latio
421 1397 605 1452 antiquo
627 1394 762 1437 suerit
785 1398 945 1448 status,
970 1393 1141 1435 advena
1164 1392 1347 1435 classem

139 1471 289 1524 Quum
311 1469 506 1525 primum
529 1465 736 1509 Ausoniis
760 1464 978 1506 exercitus
1001 1463 1176 1520 appulit
1198 1462 1296 1518 oris,

138 1540 403 1597 Expcdiam,
429 1544 473 1581 et
496 1537 662 1595 primae
685 1535 892 1578 revocabo
916 1534 1092 1577 exordia
1114 1547 1289 1590 pugnae
1309 1547 1320 1578 2

141 1612 213 1654 Tu
234 1616 397 1665 vatem,
422 1614 488 1664 tu,
513 1608 628 1664 diva,
653 1621 782 1650 mone
804 1610 812 1651 Ξ
881 1605 1043 1648 Dicam
1068 1604 1244 1647 horrida
1265 1604 1395 1660 bella,

140 1683 300 1726 Dicam
323 1681 437 1723 acics
459 1685 667 1736 actosque
691 1677 851 1721 animis
872 1677 919 1720 in
940 1677 1093 1720 funera
1115 1691 1248 1734 reges,

140 1753 503 1810 Tyrrhenamque
525 1765 709 1793 manum
731 1755 960 1805 totamque
982 1749 1064 1792 sub
1087 1762 1209 1791 arma
1231 1751 1432 1791 coactam

141 1823 414 1879 Hesperiam.
480 1820 622 1877 Major
643 1834 790 1863 rerum
811 1819 922 1862 mihi
942 1819 1140 1862 nascitur
1161 1818 1262 1862 ordo
1277 1832 1288 1873 ;

142 1893 287 1950 Majus
309 1907 418 1949 opus
440 1906 604 1935 moveo.
669 1891 769 1933 Rex
791 1905 894 1933 arva
916 1889 1108 1932 Latinus
1130 1894 1175 1932 et
1198 1889 1325 1932 urbes

141 1965 172 2008 J
177 1980 248 2007 am
271 1964 412 2007 senior
432 1963 564 2020 longa
588 1962 784 2019 placidas
807 1962 854 2004 in
874 1975 983 2018 pace
1008 1961 1198 2018 regebat.

74 2032 80 2034 ’
143 2036 276 2079 Hunc
298 2035 455 2077 Fauno
479 2039 523 2076 et
546 2033 743 2090 nympha
765 2032 967 2088 genitum
989 2031 1212 2075 Laurente
1235 2031 1403 2074 Marica

143 2106 402 2162 Accipimus
419 2119 430 2159 3
465 2104 622 2146 Fauno
645 2103 779 2146 Picus
802 2107 956 2160 pater3
990 2102 1114 2158 isque
1137 2107 1368 2159 parentem

145 2179 223 2233 Te,
251 2178 454 2231 Saturne,
479 2175 607 2217 refert
628 2189 638 2229 3
673 2181 726 2217 tu
749 2174 975 2231 sanguinis
998 2174 1184 2217 ultimus
1207 2178 1370 2218 auctor.

144 2249 286 2291 Filius
308 2247 425 2302 huic,
448 2245 541 2289 fato
564 2246 730 2301 divum,
755 2246 981 2302 prolesque
1003 2245 1139 2288 virilis

145 2319 284 2362 Nulla
305 2318 407 2373 fuit,
432 2317 660 2374 primaque
683 2316 822 2359 oriens
846 2321 996 2373 crepta
1011 2315 1199 2372 juventa
1221 2320 1300 2358 cst.

147 2390 249 2433 Sola
271 2390 453 2432 domum
475 2393 520 2430 et
542 2392 692 2430 tantas
715 2387 916 2438 sorvabat
938 2387 1030 2429 filia
1053 2387 1190 2442 sodes,

146 2462 254 2504 Jam
277 2466 453 2503 matura
475 2458 581 2515 viro,
599 2457 694 2515 jam
717 2458 857 2514 plenis
879 2458 1043 2501 nubilis
1066 2457 1205 2501 annis.

147 2533 286 2576 Multi
308 2532 434 2575 illam
456 2545 616 2588 magno
639 2545 661 2574 e
683 2530 814 2574 Latio
837 2536 1020 2587 totaque
1042 2530 1256 2587 petebant

147 2603 370 2658 Ausonia;
403 2602 518 2660 petit
540 2607 642 2645 ante
664 2601 773 2645 alios
794 2601 1113 2658 pulcherrimus
1135 2613 1284 2642 omncs

1511 463 1569 507 25

1517 820 1575 862 30

1519 1178 1576 1221 35

1522 1531 1581 1575 40

1524 1887 1582 1932 45

1528 2599 1586 2642 55
