1757 2916
207 145 300 190 234
716 155 946 187 AENEmos
978 155 1066 187 Lm.
1103 155 1148 186 x.

206 267 346 312 Caesa
367 281 527 310 manus
542 265 764 323 juvenum
787 265 924 320 foede,
949 263 1225 320 thalamique
1249 261 1420 306 cruenti
1438 276 1450 318 3

205 340 328 394 Quae
353 338 516 382 Clonus
539 337 778 393 Eurytides
800 336 942 378 multo
965 335 1210 378 caelaverat
1234 349 1350 377 auro.

206 412 300 464 Quo
323 425 440 453 nunc
466 409 644 451 Turnus
666 412 769 450 ovat
794 406 930 463 spolio
953 407 1202 462 gaudetque
1226 406 1407 463 potitus.
1555 405 1644 450 500

205 482 367 525 Nescia
390 496 513 523 mens
536 479 764 522 hominum
786 478 867 520 fati
890 477 1105 534 sortisque
1127 478 1320 533 futurae,

206 554 268 596 Et
292 567 458 596 servare
481 551 676 605 modum,
701 550 828 592 rebus
851 549 1028 592 sublata
1050 549 1252 592 secundis
1271 554 1279 593 ἓ

207 625 357 667 Turno
381 629 559 678 tempus
582 621 680 676 erit,
706 635 866 677 magno
889 634 1029 676 quum
1052 621 1270 676 optaverit
1293 625 1466 662 emtum

207 696 440 737 Intactum
463 693 686 747 Pallanta,
710 697 754 734 et
777 705 916 747 quum
939 690 1077 747 spolia
1099 691 1186 733 ista
1208 690 1412 747 diemque

208 766 375 809 Oderit.
444 765 510 806 At
536 764 640 807 socii
663 763 809 806 multo
831 763 1004 820 gemitu
1025 763 1304 818 lacrimisque
1549 763 1643 807 505

207 838 477 894 Impositum
501 842 626 880 scuto
648 836 844 879 referunt
867 835 1074 878 Pallanta
1096 835 1355 891 frequentes.

208 909 244 952 O
273 909 392 952 dolor
413 914 548 965 atque
571 908 702 950 decus
723 921 939 964 magnum
963 906 1155 949 rediture
1179 905 1378 962 parenti!

210 980 328 1022 Haec
352 984 397 1022 te
419 979 562 1036 prima
582 978 675 1021 dies
696 978 810 1021 bello
833 977 969 1033 dedit,
994 976 1099 1020 haec
1123 977 1278 1019 eadem
1301 976 1463 1032 aufert,

209 1052 359 1105 Quum
381 1055 533 1093 tamen
556 1049 754 1106 ingentes
777 1048 1049 1091 Rutulorum
1069 1047 1235 1104 linquis
1257 1062 1432 1091 acervos
1451 1051 1460 1092 l

297 1122 392 1164 Nec
410 1121 505 1178 jam
525 1121 646 1163 fama
668 1120 775 1163 mali
797 1120 928 1174 tanti,
954 1121 1030 1163 sed
1052 1120 1207 1162 certior
1227 1125 1381 1163 auctor
1550 1119 1640 1163 510

207 1193 400 1236 Advolat
425 1193 614 1248 Aeneae,
639 1191 766 1234 tenui
787 1191 1038 1234 discrimine
1059 1190 1139 1233 leti

207 1264 315 1307 Esse
338 1278 437 1307 suos
457 1278 466 1306 z
502 1268 692 1318 tempus,
716 1262 850 1305 versis
873 1276 1119 1304 succurrere
1142 1261 1336 1304 Teucris.

207 1335 414 1378 Proxima
437 1348 638 1390 quaeque
661 1333 791 1375 metit
814 1333 973 1389 gladio,
997 1333 1229 1388 latumque
1244 1347 1330 1390 per
1351 1330 1509 1389 agmen

208 1407 381 1449 Ardens
404 1405 596 1447 limitem
618 1404 711 1461 agit
735 1404 857 1458 ferro,
882 1409 947 1458 te,
974 1403 1136 1459 Turne,
1162 1404 1404 1460 superbum

208 1477 353 1520 Caede
376 1490 489 1518 nova
512 1489 737 1531 quaerens.
803 1474 967 1528 Pallas,
993 1474 1211 1530 Evander,
1236 1474 1283 1516 in
1305 1474 1413 1531 ipsis
1558 1475 1644 1518 515

210 1547 374 1592 Omnia
397 1546 502 1590 su'nt
526 1547 676 1602 oculis,
701 1561 891 1601 mensae,
917 1560 1025 1602 quas
1048 1547 1218 1589 advena
1240 1546 1404 1602 primas

208 1620 333 1662 Tunc
357 1619 482 1674 adiit,
508 1619 778 1674 dextraeque
801 1618 946 1661 datae.
1015 1617 1223 1661 Sulmone
1247 1621 1416 1660 creatos

209 1692 412 1745 Quatuor
431 1690 501 1733 liic
518 1689 718 1746 juvenes,
742 1689 944 1745 totidem,
969 1703 1078 1746 quos
1101 1690 1261 1732 educat
1288 1688 1444 1744 Ufens,

208 1764 420 1806 Viventes
442 1763 571 1819 rapit,
595 1762 772 1805 inferias
795 1775 903 1818 quos
925 1761 1125 1804 immolet
1146 1761 1332 1816 umbris,

210 1835 488 1890 Captivoque
512 1834 602 1890 rogi
624 1833 862 1890 perfundat
886 1833 1097 1890 sanguine
1119 1833 1334 1875 flammas.
1555 1831 1646 1876 520

208 1906 317 1948 Inde
342 1905 474 1961 Mago
497 1905 649 1960 procul
670 1903 889 1946 infensam
913 1904 1198 1946 contenderat
1222 1903 1427 1957 hastam;

207 1976 289 2018 Ille
312 1981 414 2017 astu
436 1974 574 2027 subit3
598 1980 643 2017 at
657 1974 947 2016 tremebunda
970 1974 1221 2030 supervolat
1243 1973 1373 2016 hasta
1392 1987 1403 2028 3

207 2047 269 2089 Et
291 2060 433 2103 genua
455 2046 726 2102 amplectens
750 2044 912 2087 effatur
936 2044 1044 2087 talia
1068 2045 1279 2102 supplex:

209 2118 236 2139 “
256 2118 341 2160 Per
362 2117 528 2174 patrios
553 2116 705 2158 Manes
728 2121 771 2158 et
795 2130 894 2172 spes
917 2116 1136 2173 surgentis
1159 2115 1261 2172 Iuli,

211 2188 236 2209 ⁵‘
263 2188 325 2230 Te
349 2203 512 2245 precor,
537 2188 649 2238 hauc
674 2188 867 2229 animam
890 2202 1029 2230 serves
1052 2193 1275 2244 gnatoque
1298 2186 1515 2244 patrique.
1551 2188 1590 2230 5·

211 2259 237 2280 ‘⁴
258 2259 341 2302 Est
360 2260 516 2302 domus
538 2259 630 2300 alta
649 2272 659 2312 ;
689 2257 838 2314 jacent
861 2259 1038 2314 ponitus
1063 2258 1232 2301 defossa
1254 2258 1426 2301 talenta

210 2330 236 2350 “
258 2329 429 2373 Caelati
452 2329 621 2385 argenti
639 2343 648 2382 3
686 2334 789 2371 sunt
813 2329 907 2371 auri
929 2330 1122 2385 pondera
1144 2329 1254 2372 facti

209 2400 236 2420 ‘⁴
254 2400 502 2456 Infectique
527 2398 648 2442 mihi.
713 2398 814 2441 Non
838 2399 907 2442 hic
931 2399 1114 2442 victoria
1138 2399 1363 2442 Teucrum

209 2471 236 2491 “
258 2471 478 2526 Vertitur,
503 2476 583 2513 aut
606 2469 754 2512 anima
776 2485 865 2512 una
888 2471 1011 2514 dabit
1034 2470 1288 2514 discrimina
1311 2471 1483 2514 tanta.”

158 2599 160 2603 v
209 2540 396 2584 Dixerat
416 2555 427 2596 ;
462 2541 636 2583 Aeneas
661 2546 813 2583 contra
837 2541 908 2583 cui
931 2541 1040 2584 talia
1061 2541 1232 2586 reddit:
1556 2541 1643 2586 530

211 2612 236 2634 ‘⁸'
255 2612 448 2670 Argenti
471 2618 606 2669 atquc
629 2612 725 2656 auri
747 2627 962 2655 memoras
985 2627 1098 2669 quac
1121 2613 1266 2656 multa
1289 2613 1474 2670 talenta,

1582 2187 1639 2231 ἑῖί
