1731 2923
584 129 812 159 AENEIDOS
846 129 932 160 LIB.
968 129 1028 159 VI.

101 235 130 260 “
149 237 296 281 Natus
320 240 364 279 et
386 236 479 292 ipse
501 237 582 279 dea
604 250 614 291 3
649 251 728 279 nec
753 237 933 280 Teucris
958 237 1110 279 addita
1132 237 1162 279 J
1167 251 1253 278 uno

101 308 129 329 ‘⁶
148 307 351 364 Usquam
373 307 524 362 aberit,
550 321 689 363 quum
712 313 763 350 tu
789 308 976 364 supplex
998 308 1043 349 in
1069 309 1194 349 rebus
1219 308 1363 364 egenis

102 379 129 399 “
148 379 266 431 Quas
287 383 438 434 gentes
461 377 629 419 Italsim
650 383 728 420 aut
751 393 860 433 quas
884 393 971 420 non
993 379 1178 420 oraveris
1201 379 1353 423 urbes!

102 449 129 469 ‘⁶
150 449 292 492 Causa
315 448 422 490 mali
444 449 561 491 tanti
583 448 742 504 conjux
763 449 927 491 iterum
948 450 1122 505 hospita
1149 450 1346 504 Teucris,

102 519 130 540 “
148 519 417 575 Externique
439 519 602 562 iterum
625 520 820 563 thalami.

103 590 128 610 ‘⁶
150 590 220 632 Tu
242 604 296 632 ne
320 590 422 632 cede
443 591 583 645 malis,
608 591 682 633 sed
705 596 858 633 contra
880 591 1112 633 audentior
1133 591 1211 646 ito7

102 660 130 681 ‘⁴
151 661 294 714 Quam
316 665 394 702 tua
417 665 462 702 te
485 660 684 703 Fortuna
707 660 833 704 sinet.
898 661 986 703 Via
1008 662 1148 717 prima
1172 662 1344 717 salutis,
1407 682 1409 685 ·

103 731 130 751 “’
151 730 275 783 Quod
297 730 476 772 minime
500 731 615 786 reris,
641 730 776 774 Graia
798 731 1018 787 pandetur
1041 732 1097 773 ab
1120 732 1267 775 urbe.''

104 801 285 843 Talibus
308 815 363 843 ex
385 801 516 856 adyto
538 801 669 844 dictis
694 801 888 844 Cumaea
913 802 1079 858 Sibylla

104 871 352 915 Horrendas
375 872 494 914 canit
517 872 736 929 ambages,
760 878 971 928 antroque
994 875 1198 930 remugit,

107 943 314 987 Obscuris
336 957 438 985 vera
460 943 683 986 involvens
701 958 710 987 z
746 958 796 985 ea
817 944 937 986 frena
958 944 1125 986 furenti

105 1014 315 1057 Concutit
339 1019 383 1055 et
407 1013 608 1056 stimulos
632 1014 713 1056 sub
736 1019 909 1070 pectore
931 1015 1065 1057 vertit
1088 1015 1260 1071 Apollo.

105 1083 172 1127 Ut
194 1083 384 1140 primum
406 1083 534 1126 cessit
555 1083 674 1126 furor
695 1089 739 1126 et
763 1085 915 1127 rabida
937 1100 1009 1127 ora
1033 1085 1237 1140 quierunt
1254 1099 1265 1140 3

105 1154 269 1210 Incipit
292 1153 465 1196 Aeneas
487 1154 609 1196 heros
630 1168 639 1198 :
677 1154 705 1174 ‘⁶
723 1153 767 1195 N
770 1169 824 1196 on
847 1155 937 1197 ulla
958 1155 1170 1210 laborum,

107 1225 133 1246 ‘⁶
155 1225 191 1269 O
218 1225 352 1282 virgo,
372 1239 482 1267 nova
504 1228 564 1266 mi
583 1224 715 1268 facies
736 1225 965 1282 inopinave
990 1226 1155 1282 surgit:

34 1315 37 1317 ·
66 1333 74 1336 .
107 1297 134 1318 “
153 1296 313 1340 Omnia
334 1296 536 1353 praecepi
557 1301 691 1352 atque
714 1297 861 1339 animo
883 1312 1055 1340 mecum
1078 1303 1181 1340 ante
1204 1297 1364 1354 peregi.

109 1367 136 1388 “
155 1366 311 1410 Unum
333 1381 429 1410 oro:
465 1367 638 1422 quando
662 1367 731 1409 hic
754 1367 912 1409 inferni
928 1367 1067 1424 janua
1090 1368 1203 1424 regis

109 1437 136 1458 ‘⁴
157 1437 333 1479 Dicitur
353 1443 397 1480 et
419 1438 648 1479 tenebrosa
670 1438 795 1493 palus
818 1437 1067 1480 Acheronte
1091 1439 1234 1481 refuso
1250 1453 1261 1493 ς

110 1509 138 1530 “
153 1509 222 1551 Ire
245 1510 302 1551 ad
324 1514 607 1565 conspectum
628 1509 716 1551 cari
738 1509 942 1565 genitoris
964 1514 1008 1551 et
1032 1524 1104 1552 ora

111 1579 138 1600 ‘⁴
158 1579 399 1636 Contingat
420 1594 429 1622 :
465 1580 619 1621 doceas
640 1580 736 1635 iter,
762 1585 806 1622 et
829 1594 949 1622 sacra
971 1580 1084 1622 ostia
1106 1581 1285 1637 pandas.

111 1649 141 1671 ‘⁶
159 1650 296 1692 Illum
318 1664 395 1706 ego
417 1664 493 1706 per
513 1647 713 1692 flammas
737 1655 781 1692 et
802 1649 922 1692 mille
945 1651 1174 1706 sequentia
1196 1651 1285 1693 tela

111 1720 139 1741 “
157 1720 315 1777 Eripui
335 1720 403 1763 his
424 1720 635 1775 humeris,
659 1721 889 1777 medioque
912 1735 968 1763 ex
989 1722 1112 1764 hoste
1135 1722 1305 1779 recepi;

112 1791 140 1813 ‘⁴
157 1792 253 1847 Ille,
276 1806 427 1834 meum
448 1791 686 1834 comitatus
707 1791 804 1846 iter,
828 1791 968 1834 maria
991 1792 1136 1834 omnia
1157 1807 1330 1835 mecum

113 1862 141 1884 ‘⁴
158 1863 310 1919 Atque
332 1877 490 1905 omnes·
502 1862 732 1919 pelagique
754 1862 896 1905 minas
918 1863 1111 1919 coelique
1133 1863 1314 1919 ferebat,

114 1933 141 1954 ‘⁴
160 1933 402 1988 Invalidus‚
426 1932 537 1975 vires
558 1933 676 1975 ultra
699 1938 944 1989 sortemque
968 1939 1166 1976 senectae
1187 1949 1198 1988 3

114 2004 289 2060 “.Quin‚
312 2009 364 2046 ut
386 2009 431 2046 te
454 2004 640 2060 supplex
661 2009 854 2060 peterem
876 2009 920 2046 et
942 2009 1023 2046 tua
1045 2004 1200 2046 limina
1222 2005 1403 2060 adirem,

116 2075 142 2095 “
162 2075 287 2117 Idem
310 2089 435 2116 orans
458 2075 670 2116 mandata
691 2074 836 2117 dabat.
902 2074 1128 2130 Gnatique
1152 2075 1390 2131 patrisque,

1438 118 1522 160 123

1469 238 1525 280 90

1471 593 1527 635 95

1444 945 1530 987 100

1447 1298 1533 1342 105

1450 1651 1536 1692 110

1456 2007 1540 2049 115

116 2147 149 2167 “
167 2139 503 2201 Α1111ει,’Ῑ)1·θοοῙ-,
527 2144 772 2187 miserere-z
808 2149 931 2200 potes
953 2159 1144 2200 namque
1167 2146 1327 2200 omnia,
1353 2160 1430 2188 nec
1456 2144 1501 2187 te

117 2216 474 2272 “Nequidquam
494 2214 604 2257 lucis
628 2214 797 2256 Hecate
818 2215 1027 2270 praefecit
1050 2215 1258 2257 Avernis-
1277 2230 1285 2259 :
1312 2217 1316 2222 ’

118 2288 144 2308 “
165 2287 211 2331 Si
234 2286 379 2343 potuit
402 2285 556 2327 Manes
578 2299 788 2327 arcessere
811 2285 1005 2341 conjugis
1031 2285 1247 2341 Orpheus,

119 2358 146 2379 ‘⁴
167 2357 368 2400 Threicia
388 2357 526 2399 fretus
548 2356 717 2398 cithara
739 2355 986 2411 fidibusque
1010 2356 1176 2398 canoris
1196 2370 1207 2410 ;

55 2478 59 2482 ,
119 2430 147 2451 “
167 2430 214 2473 Si
235 2429 414 2471 fratrem
437 2428 598 2470 Pollux
620 2428 790 2469 alterna
811 2432 950 2469 morte
973 2427 1169 2481 redemit,

119 2500 294 2557 “Itque
315 2500 516 2556 reditque
538 2499 656 2541 viam
678 2498 820 2542 toties,
887 2497 1002 2551 Quid
1026 2498 1195 2541 Thesea
1218 2512 1445 2555 magnum,

1457 2357 1544 2398 120

121 2569 149 2592 “
168 2569 284 2625 Quid
304 2584 540 2613 memorem
562 2569 750 2612 Alciden
764 2570 785 2612 Ρ
820 2568 883 2611 Et
900 2571 961 2610 mi
980 2582 1116 2625 genus
1133 2569 1189 2611 ab
1206 2568 1317 2612 Jove
1337 2570 1545 2613 summo.'‘
