1741 2902
665 151 894 182 AENEIDos
927 153 1013 183 Lm.
1050 153 1129 184 ΧΠ.
1524 144 1613 189 295

184 258 248 303 Et
268 259 392 304 furiis
414 259 612 317 agitatus
634 274 755 302 amor
777 265 822 303 et
845 261 1015 303 conscia
1037 261 1191 305 virtus.

187 332 254 376 Ut
276 333 469 389 primum
491 331 707 393 discussae
731 332 912 374 umbrae
936 338 980 374 et
1002 331 1081 374 lux
1104 333 1275 375 reddita
1297 334 1434 376 menti
1453 348 1463 388 ;

184 403 403 446 Ardentes
426 403 648 445 oculorum
671 403 790 445 orbes
815 404 870 446 ad
892 403 1063 446 moenia
1086 404 1210 446 torsit
1530 404 1616 450 670

185 475 418 530 Turbidus,
444 489 552 530 eque
576 475 677 517 rotis
700 489 907 531 magnam
930 476 1121 531 respexit
1144 477 1200 518 ad
1225 477 1389 521 urbem.

184 547 299 588 Ecce
322 552 472 588 autem
494 546 685 589 flammis
707 546 822 588 inter
844 547 1045 589 tabulata
1067 548 1245 590 volutus

184 617 258 659 Ad
280 617 451 659 coelum
472 617 671 659 undabat
694 622 858 672 verteX,
884 617 1127 673 turrimque
1150 619 1344 675 tenebat,

186 688 378 743 Turrim,
403 687 643 744 compactis
666 688 864 730 trabibus
888 702 1022 744 quam
1045 689 1256 732 eduxerat
1278 690 1384 746 ipse,

187 759 538 815 Subdideratque
562 765 691 814 rotas,
717 765 960 815 pontesque
982 760 1245 803 instraverat
1269 762 1391 806 altos.
1508 750 1617 807 '675

187 830 215 852 “
232 831 264 873 J
269 845 340 872 am
356 829 451 886 jam
472 831 579 886 fata,
604 846 732 886 soror,
758 836 990 887 superant:
1026 831 1187 874 absiste
1209 833 1367 876 morari
1389 848 1397 877 :

188 902 214 922 ‘⁶
235 902 329 955 Quo
350 902 457 944 deus
479 906 523 944 et
545 916 631 958 quo
648 903 757 944 dura
778 908 906 944 vocat
927 903 1115 958 fortuna,
1140 919 1384 960 sequamur.

187 971 216 993 “
236 972 338 1015 Stat
360 972 548 1014 conferre
571 987 754 1014 manum
777 973 967 1028 Aeneae,
994 978 1098 1029 stat,
1119 975 1334 1031 quidquid
1355 976 1498 1019 acerbi
1519 982 1599 1033 est,

188 1041 216 1063 “
231 1041 373 1084 Morte
395 1042 504 1098 pati,
528 1057 669 1098 neque
692 1057 762 1085 me
784 1043 1044 1100 indecorem,
1068 1059 1290 1101 germana,
1314 1046 1483 1090 videbis

187 1112 214 1134 ‘⁴
232 1113 452 1169 Amplius,
517 1112 666 1169 Hunc,
685 1128 769 1169 oro,
790 1114 880 1157 sine
902 1129 971 1157 me
994 1115 1134 1158 furere
1158 1121 1259 1159 ante
1280 1116 1510 1161 furorem.'’
1530 1117 1618 1161 680

186 1183 328 1239 Dixit,
353 1189 397 1226 et
420 1198 442 1226 e
465 1198 595 1227 curru
617 1185 781 1227 saltum
802 1185 926 1228 dedit
947 1186 1066 1229 ocius
1088 1187 1214 1243 arvis,

186 1255 356 1310 Perque
377 1254 537 1311 hostes,
562 1270 639 1312 per
659 1256 749 1298 tela
770 1257 874 1312 ruit,
898 1264 1201 1314 maestamque
1224 1274 1409 1302 sororem

187 1325 359 1368 Deserit
383 1341 433 1369 ac
455 1326 605 1383 rapido
628 1342 759 1370 cursu
781 1329 926 1371 media
948 1329 1126 1385 agmina
1148 1331 1327 1387 rumpit.

185 1397 254 1439 Ac
276 1397 414 1439 veluti
437 1398 598 1440 montis
622 1413 779 1441 saxum
801 1400 854 1441 de
875 1400 1036 1442 vertice
1059 1416 1266 1458 praeceps

187 1467 336 1519 Quum
360 1467 463 1523 ruit,
489 1468 694 1510 avulsum
715 1475 860 1524 vento,
885 1484 962 1512 seu
982 1471 1186 1514 turbidus
1207 1472 1350 1514 imber
1531 1474 1619 1518 685

187 1535 372 1591 Proluit,
397 1543 476 1580 aut
497 1537 622 1580 annis
645 1539 773 1581 solvit
797 1540 1005 1596 sublapsa
1027 1546 1226 1585 vetustas
1246 1557 1256 1597 ;

186 1606 346 1650 Fertur
367 1607 414 1650 in
435 1608 676 1664 abruptum
697 1623 857 1666 magno
879 1625 1005 1654 mons
1026 1611 1249 1668 improbus
1271 1619 1388 1669 actu,

187 1677 488 1734 Exsultatque
512 1678 613 1734 solo,
642 1679 785 1735 silvas,
810 1686 1011 1723 armenta
1031 1681 1229 1738 virosque

187 1747 420 1790 Involvens
443 1763 617 1792 secum:
652 1748 837 1805 disjecta
860 1765 939 1806 per
959 1751 1137 1808 agmina
1162 1753 1338 1796 Turnus

190 1818 261 1863 Sic
282 1818 403 1861 urbis
428 1819 517 1862 ruit
539 1820 596 1862 ad
616 1835 778 1876 murOS,
802 1821 879 1864 ubi
901 1822 1091 1878 plurima
1112 1822 1211 1867 fuso
1389 1848 1394 1857 =
1533 1827 1620 1869 690

190 1888 411 1946 Sanguine
433 1895 549 1933 terra
569 1891 719 1934 madet
742 1891 1025 1948 striduntque
1047 1893 1281 1937 hastilibus
1303 1909 1447 1951 aurae,

148 1960 160 1971 ”
190 1960 504 2017 significatque
526 1975 661 2004 manu
684 1967 728 2004 et
749 1977 908 2019 magno
930 1963 1062 2006 simul
1083 1964 1239 2021 incipit
1262 1980 1329 2008 ore
1347 1980 1356 2009 :

191 2031 218 2053 ‘⁶
238 2032 414 2082 Parcite
431 2032 540 2088 jam,
565 2032 738 2088 Rutuli,
764 2038 809 2076 et
831 2048 906 2077 vos
927 2035 1017 2077 tela
1039 2034 1250 2091 inhibete,
1275 2035 1428 2079 Latini
1447 2051 1456 2080 ε

192 2102 219 2123 “
239 2103 552 2158 Quaecumque
574 2108 641 2146 est
662 2103 853 2159 fortuna,
876 2119 975 2146 mea
998 2110 1064 2147 est
1080 2119 1091 2159 3
1126 2120 1196 2148 me
1219 2106 1361 2149 verius
1383 2122 1524 2149 unum

192 2172 218 2192 ‘⁴
239 2172 323 2215 Pro
345 2172 464 2214 vobis
486 2173 637 2215 foedus
658 2173 777 2216 luere
802 2179 846 2216 et
868 2175 1096 2217 decernere
1118 2176 1268 2219 ferro.''
1532 2178 1618 2220 695

193 2241 438 2284 Discessere
460 2256 609 2284 omnes
630 2243 777 2297 medii,
803 2243 1085 2299 spatiumque
1107 2246 1272 2288 dedere.

282 2312 347 2354 At
369 2317 497 2368 pater
517 2312 692 2355 Aeneas
714 2313 865 2355 audito
887 2314 1061 2356 nominc
1086 2315 1226 2357 Turni

194 2383 366 2425 Deserit
389 2388 434 2424 et
456 2397 599 2425 muros
622 2388 665 2425 et
689 2397 891 2426 summas
904 2384 1061 2426 deserit
1084 2399 1214 2440 arces,

194 2452 551 2509 Praecipitatque
573 2467 716 2496 moras
739 2468 900 2509 omnes,
925 2468 1053 2509 opera
1078 2456 1224 2498 omnia
1248 2457 1430 2514 rumpit,

194 2523 391 2567 Laetitia
412 2523 654 2579 exsultans,
678 2523 1028 2580 horrendumque
1051 2524 1227 2568 intonat
1252 2527 1406 2571 armis:
1531 2526 1620 2574 700

196 2594 400 2648 Quantus
422 2593 563 2638 Athos
586 2599 664 2637 aut
688 2599 880 2650 quantus
903 2593 1024 2658 Eryx
1046 2601 1124 2638 aut
1145 2596 1253 2653 ipse,
1277 2598 1466 2642 coruscis
