1731 2923
562 149 794 181 AENEIDos
825 150 913 183 LIB.
947 151 994 182 11.
1430 143 1486 187 43

54 260 126 305 Ad
147 264 307 303 terram
329 258 483 302 misere
504 263 584 302 aut
606 258 783 315 ignibus
805 273 935 316 aegra
957 259 1125 303 dedere.

55 329 264 387 [lemque
285 330 392 390 adeo
415 344 545 386 super
565 344 680 373 unus
703 344 836 385 eram,
861 344 1002 386 quum
1023 331 1178 374 limina
1201 331 1368 375 Vestae

53 402 309 445 Servantem
332 406 375 443 et
400 400 584 444 tacitam
607 406 772 443 secreta
794 400 840 443 in
864 402 963 443 sede
986 402 1202 444 latentem

52 472 305 528 Tyndarida
328 471 548 528 adspicio:
583 472 692 514 dant
715 472 834 514 clara
856 472 1059 515 incendia
1081 474 1226 516 lucem

51 544 228 586 Erranti
250 543 502 600 passimque
525 544 670 586 oculos
692 558 770 600 per
791 549 952 586 cuncta
974 544 1141 588 ferenti.
1396 545 1486 591 570

50 615 134 658 Illa
156 615 238 658 sibi
258 615 438 658 infestos
461 630 608 658 eversa
632 616 685 658 ob
709 616 925 672 Pergama
950 616 1154 673 Teucros,

50 686 111 729 Et
133 701 292 742 poenas
316 686 525 728 Danaurn
547 691 592 728 et
615 687 775 729 deserti
797 686 994 743 conjugis
1016 687 1103 730 iras

52 758 379 813 Praemetuens,
406 757 560 814 Trojae
583 762 627 800 et
650 758 818 814 patriae
841 759 1088 802 communis
1113 759 1288 816 Erinys,

49 827 293 871 Abdiderat
317 842 408 871 sese
432 833 567 884 atque
589 828 674 871 aris
696 828 838 871 invisa
861 830 1052 874 sedebat.

49 898 260 942 Exarsere
281 899 404 956 ignes
427 899 586 953 animo,
605 898 732 941 ¹subit
754 899 818 941 ira
840 901 1073 943 cadentem
1397 901 1484 948 575

50 969 216 1013 Ulcisci
237 970 428 1027 patriam
451 974 496 1012 et
519 970 749 1013 sceleratas
773 985 942 1014 sumere
965 987 1137 1028 poenas.

51 1040 78 1061 “
98 1041 274 1100 Scilicet
296 1042 403 1084 haec
428 1042 636 1098 Spartam
659 1041 890 1085 incolumis
913 1044 1166 1101 patriasque
1191 1045 1401 1102 Mycenas

51 1112 78 1133 ‘⁶
93 1112 338 1169 Adspiciet,
363 1118 577 1170 partoque
600 1113 683 1155 ibit
707 1113 857 1170 regina
879 1114 1121 1172 triumpho,

50 1182 76 1203 “
98 1182 451 1241 Conjugiumque
474 1184 741 1240 domumque
765 1191 910 1241 patres
933 1192 1147 1243 natosque
1170 1187 1349 1244 videbit,

51 1253 78 1275 ‘⁴
97 1255 289 1298 Iliadum
312 1256 441 1298 turba
464 1261 508 1298 et
533 1256 735 1312 Phrygiis
758 1257 969 1299 comitata
992 1258 1229 1304 ministris?
1396 1261 1483 1304 580

51 1324 78 1345 “
97 1325 316 1368 Occiderit
337 1326 449 1369 ferro
473 1326 691 1381 Priamus,
719 1325 848 1382 Troja
871 1328 1023 1370 arserit
1046 1328 1150 1385 igni,

51 1394 79 1416 “
98 1396 376 1439 Dardanium
392 1397 527 1443 toties
550 1397 716 1440 sudarit
740 1398 951 1454 sanguine
974 1398 1118 1443 litus?

51 1466 79 1487 ‘⁶
98 1466 200 1508 Non
221 1467 312 1511 ita:
347 1482 538 1523 namque
561 1467 644 1510 etsi
665 1468 840 1510 nullum
862 1470 1141 1513 memorabile
1163 1485 1321 1514 nomen

52 1535 80 1556 ‘⁶
97 1537 308 1579 Feminea
329 1537 375 1579 in
398 1552 537 1593 poena
560 1543 627 1580 est
648 1553 727 1581 nec
749 1539 884 1581 habet
906 1539 1088 1581 victoria
1109 1541 1301 1596 laudem,
1353 1587 1361 1592 ,

52 1607 80 1628 “
98 1607 376 1651 Exstinxisse
399 1609 520 1651 nefas
542 1613 694 1650 tamen
715 1614 761 1651 et
784 1609 989 1652 sumsisse
1011 1611 1222 1654 merentis
1395 1613 1483 1656 585

52 1678 80 1700 “
96 1679 329 1722 Laudabor
350 1694 525 1736 poenas,
544 1680 829 1736 animumque
853 1681 1049 1737 explesse
1066 1681 1243 1737 juvabit

52 1749 80 1770 “
99 1749 284 1793 Ultricis
307 1750 510 1793 fiammae
533 1756 578 1793 et
601 1750 762 1794 cineres
785 1752 966 1794 satiasse
988 1755 1227 1797 meorum.''

51 1821 178 1863 Talia
193 1821 422 1877 jactabam
443 1827 488 1864 et
511 1821 677 1864 furiata
698 1828 846 1865 mente
867 1823 1037 1866 ferebar
1055 1824 1087 1881 3]

52 1893 200 1946 Quum
222 1892 333 1935 mihi
354 1907 413 1949 se,
438 1907 526 1935 non
548 1898 652 1935 ante
675 1893 810 1936 oculis
834 1899 929 1936 tam
951 1895 1081 1951 clara,
1106 1895 1344 1939 videndam

51 1964 228 2007 Obtulit
252 1969 303 2024 et·
319 1978 431 2020 pura
451 1978 528 2020 per
548 1970 726 2007 noctem
747 1965 794 2007 in
814 1965 912 2008 luce
935 1966 1106 2010 refulsit
1395 1969 1483 2013 590

51 2034 185 2078 Alma
206 2049 376 2091 parens,
401 2034 595 2078 confessa
617 2036 758 2092 deam,
783 2036 1012 2094 qualisque
1034 2038 1172 2080 videri

52 2105 277 2149 Coelicolis
301 2110 345 2147 et
369 2110 540 2161 quanta
563 2106 685 2159 solet,
710 2107 954 2164 dextraque
975 2108 1244 2165 prehensum

54 2176 300 2232 Continuit,
325 2190 530 2232 roseoque
551 2177 659 2220 haec
682 2178 862 2235 insuper
882 2179 1055 2222 addidit
1078 2194 1148 2222 ore
1168 2194 1179 2224 ε

57 2246 80 2268 '‘
98 2247 231 2303 Nate,
256 2247 355 2303 quis
376 2247 612 2290 indomitas
634 2253 791 2291 tantus
813 2249 935 2291 dolor
955 2250 1122 2292 excitat
1144 2251 1229 2292 iras
1247 2252 1269 2293 ?

54 2318 80 2340 ‘⁵
101 2319 216 2372 Quid
237 2318 359 2374 furis,
378 2324 457 2361 aut
480 2333 672 2374 quonam
694 2319 831 2361 nostri
852 2319 936 2362 tibi
958 2334 1063 2362 cura
1085 2320 1261 2363 recessit
1277 2322 1298 2364 Ρ
1395 2323 1481 2365 595

54 2389 81 2410 “
99 2390 142 2432 N
146 2405 203 2433 on
225 2390 344 2447 prius
366 2390 593 2448 adspicies,
617 2391 694 2433 ubi
714 2390 879 2433 fessum
901 2396 1048 2433 aetate
1072 2396 1304 2447 parentem

55 2460 82 2483 ‘⁶
98 2461 298 2518 Liqueris
319 2462 557 2518 Anchisen,
582 2467 757 2519 superet
779 2461 995 2518 conjuxne
1020 2461 1184 2505 Creusa

56 2532 83 2554 ‘¹
101 2533 405 2590 Ascaniusque
429 2547 551 2590 puer,
574 2547 680 2589 quos
702 2547 849 2575 omnes
871 2533 1064 2589 undique
1088 2533 1247 2576 Graiae

55 2603 85 2626 “
104 2603 281 2648 Circum
303 2609 447 2647 errant
469 2603 598 2660 acies,
621 2608 683 2660 et,
708 2603 754 2646 ni
775 2618 873 2646 mea
895 2618 998 2647 cura
1019 2604 1212 2658 resistat,
