1741 2902
603 140 831 171 AENEmos
864 142 950 172 Lm.
986 142 1028 172 x.
1446 134 1532 176 233

100 245 259 290 Audiit
281 246 458 290 Alcides
474 247 697 304 juvenem,
716 264 1017 307 magnumque
1040 251 1121 293 sub
1142 251 1230 294 imo

104 316 243 360 Corde
268 318 427 374 premit
449 319 681 375 gemitUm,
706 321 993 376 lacrimasque
1016 321 1202 364 effundit
1225 323 1389 367 inanes.
1445 324 1532 367 465

102 387 220 430 Tum
244 389 416 445 genitor
438 394 597 431 natum
619 391 750 434 dictis
772 392 936 434 affatur
958 393 1109 436 amicis
1127 408 1136 436 z

101 459 128 480 “
150 460 251 503 Stat
276 476 353 503 sua
377 461 533 518 cuique
556 462 646 505 dies
662 478 673 517 5
708 464 834 506 breve
857 470 901 506 et
923 465 1202 522 irreparabile
1227 473 1401 524 teinpus

100 531 127 552 ‘⁶
149 531 366 575 Omnibus
389 539 454 575 est
477 534 595 577 vitae
613 548 624 589 3
661 536 737 578 sed
758 536 922 578 famam
944 538 1178 580 extendere
1201 538 1344 593 factis,

99 602 127 623 ‘⁴
146 603 242 646 Hoc
265 603 444 647 virtutis
466 620 585 661 opus.
654 606 809 662 Trojae
833 608 912 650 sub
935 609 1160 651 moenibus
1184 609 1286 652 altis

99 673 126 694 “
144 674 230 717 Tot
255 675 349 717 nati
371 673 560 718 cecidere
584 678 717 719 deum
738 692 748 732 3
785 678 892 733 quin
913 679 1072 721 occidit
1094 694 1183 721 una
1439 679 1527 723 470

98 744 125 764 ‘⁵'
146 745 384 801 Sarpedon,
408 760 510 788 mea*
529 748 765 804 progenies.
830 749 983 791 Etiam
1007 764 1085 792 sua
1110 750 1313 792 Turnum

98 814 123 834 ⁶*
142 815 258 858 Fata
280 822 454 873 vocant,
477 823 706 874 metasque
729 820 825 862 dati
846 821 1046 876 pervenit
1068 822 1124 863 ad
1147 822 1284 864 aevi.³'

100 885 170 928 Sic
195 886 271 941 ait,
297 892 431 942 atque
454 889 600 931 oculos
623 888 891 932 Rutulorum
916 891 1055 946 rejicit
1079 892 1204 935 arvis.

95 956 160 998 At
185 957 334 1000 Pallas
357 958 529 1014 magnis
553 958 721 1001 emittit
742 959 909 1002 viribus
930 960 1121 1016 hastam,

95 1027 358 1084 Vaginaque
381 1044 488 1071 cava
509 1029 756 1086 fulgentem
778 1031 938 1088 deripit
961 1045 1120 1075 ensem.
1438 1033 1526 1079 475

93 1099 178 1140 Illa
200 1099 363 1155 volans,
387 1100 562 1142 humeri
583 1106 773 1157 surgunt
797 1116 886 1157 qua
909 1102 1107 1158 tegmina
1130 1118 1319 1159 summa,

94 1169 274 1225 Incidit,
299 1176 447 1226 atque,
471 1170 590 1213 viam
612 1172 740 1228 clipei
761 1172 915 1215 molita
937 1187 1012 1229 per
1033 1188 1141 1228 oras,

94 1239 293 1283 Tandem
315 1241 451 1283 etiam
474 1257 633 1298 magno
656 1243 834 1286 strinxit
857 1244 910 1286 de
933 1255 1107 1300 corpore
1133 1245 1286 1289 Turni.

94 1311 179 1354 Hic
204 1311 380 1354 Turnus
402 1312 512 1355 ferro
535 1314 779 1369 praefixum
803 1314 933 1357 robur
955 1320 1086 1358 acuto

73 1381 149 1442 ‚In
173 1383 378 1425 Pallanta
401 1383 477 1426 diu
499 1384 662 1427 librans
678 1384 803 1440 jacit,
830 1391 963 1441 atque
985 1385 1050 1428 ita
1072 1386 1190 1429 fatur
1209 1402 1217 1430 z
1433 1389 1522 1431 480

96 1453 122 1473 ‘⁴
138 1453 342 1509 Adspice,
368 1469 474 1496 num
497 1470 624 1511 mage
648 1455 704 1498 sit
726 1461 927 1498 nostrum
951 1458 1222 1513 penetrabile
1247 1459 1430 1503 telum.'’

94 1524 279 1566 Dixerat
297 1539 308 1578 3
343 1530 390 1566 at
414 1525 619 1581 clipeum,
644 1530 711 1568 tot
734 1526 833 1568 ferri
856 1532 992 1583 terga,
1017 1533 1085 1570 tot
1108 1529 1230 1584 aeris,
1282 1531 1300 1546 “

93 1595 239 1647 Quum
262 1595 387 1651 pellis
410 1596 541 1638 toties
564 1596 690 1638 obeat
713 1597 988 1639 circumdata
1012 1598 1140 1653 tauri,

91 1665 297 1707 vibranti
318 1666 512 1708 inedium
537 1666 682 1722 cuspis
704 1667 1027 1711 transverberat
1049 1669 1157 1724 ictu,

90 1736 354 1792 Loricaeque
378 1751 521 1779 moras
543 1742 587 1778 et
610 1742 766 1793 pectus
788 1738 977 1793 perforat
1001 1739 1163 1795 ingens.
1430 1740 1519 1784 485

89 1806 170 1848 Ille
191 1807 306 1863 rapit
328 1806 521 1849 calidum
542 1807 701 1850 frustra
723 1809 776 1850 de
798 1809 975 1851 vulnere
999 1810 1137 1852 telum
1155 1823 1164 1853 :

89 1877 194 1919 Una
217 1878 455 1933 eademque
478 1878 549 1920 via
571 1879 748 1935 sanguis
770 1879 1030 1935 animusque
1053 1885 1307 1936 sequuntur.

90 1947 265 1990 Corruit
287 1947 334 1990 in
355 1948 515 1991 vulnus
536 1963 546 2003 3
582 1949 776 1991 sonitum
799 1964 931 2006 super
952 1965 1073 1992 arma
1095 1951 1250 1993 dedere
1270 1965 1280 2005 ;

88 2018 150 2060 Et
173 2023 333 2060 terram
353 2018 557 2061 hostilem
580 2019 766 2061 moriens
788 2020 902 2076 petit
927 2034 997 2062 ore
1021 2026 1213 2064 cruento.

89 2088 229 2141 Quem
253 2088 429 2131 Turnus
452 2103 581 2145 super
602 2089 831 2145 adsistens,
1428 2091 1518 2135 490

89 2159 118 2180 ‘⁶
136 2159 344 2214 Arcades,
368 2160 475 2202 haec
491 2161 517 2178 ”
538 2160 684 2215 inquit
709 2160 735 2182 ‘⁴
757 2175 967 2204 memores
989 2176 1087 2204 mea
1109 2163 1228 2205 dicta
1253 2163 1408 2204 referte

89 2230 117 2251 ‘⁶
135 2231 364 2274 Evandro:
402 2230 588 2283 Qualem
608 2232 782 2286 meruit,
808 2232 1014 2274 Pallanta
1036 2233 1225 2276 remitto.

89 2301 114 2321 ‘⁶
133 2301 339 2356 Quisquis
362 2300 495 2342 honos
520 2300 697 2353 tumuli,
722 2300 937 2356 quidquid
960 2302 1152 2344 solamen
1174 2302 1389 2344 humandi
1412 2307 1495 2356 est,

89 2370 117 2393 “
135 2371 322 2428 Largior,
387 2370 523 2412 Haud
543 2370 609 2413 illi
631 2371 813 2413 stabunt
835 2372 1005 2414 Aeneia
1026 2386 1158 2428 parvo

89 2442 117 2464 ‘⁶
136 2442 384 2499 Hospitia.”
448 2441 510 2484 Et
532 2442 655 2484 laevo
677 2443 833 2499 pressit
857 2443 983 2499 pede,
1007 2443 1115 2486 talia
1137 2443 1271 2499 fatus,
1426 2444 1516 2488 495

86 2512 363 2568 Exanimem,
388 2512 557 2568 rapiens
580 2512 788 2555 immania
810 2513 1002 2570 pondera
1023 2513 1174 2569 baltei,

90 2583 440 2641 Impressumquc
463 2584 606 2628 nefas:
642 2599 731 2626 una
753 2585 833 2627 sub
856 2589 983 2627 nocte
1004 2585 1143 2641 jugali
