1757 2916
155 102 240 149 176
620 119 848 150 AENEIDos
882 119 967 150 LIB.
1005 120 1103 150 vm.

153 225 430 283 Excepitque
453 241 603 283 manu,
628 228 922 284 dextramque
945 229 1178 285 amplexus
1200 226 1405 270 inhaesit.

153 297 375 353 Progressi
398 298 588 340 subeunt
611 299 722 354 luco,
747 299 1020 355 fluviumque
1043 299 1314 355 relinquunt.
1505 297 1590 341 125

153 367 270 410 Tum
293 383 436 425 regem
459 369 633 411 Aeneas
656 370 788 411 dictis
811 369 975 411 affatur
995 370 1174 413 amieis:

155 438 181 459 “
201 439 381 495 Optime
405 439 720 496 Grajugensun,
746 440 816 481 cui
838 454 909 481 -me
932 439 1109 482 fortuna
1132 440 1299 496 precari

155 510 182 530 “
198 510 258 552 Et
280 510 395 552 vitta
418 516 584 553 comtos
605 510 744 552 voluit
766 511 1050 566 praetendere
1074 525 1228 566 ramos,

154 581 182 602 ‘⁴
202 581 303 623 Non
329 582 533 637 equidem
556 581 756 636 extimui,
783 581 993 622 Danaum
1016 582 1132 636 quod
1155 582 1311 624 ductor
1333 587 1377 624 et
1400 581 1553 636 Arcas,

155 652 182 672 “
201 652 413 707 Quodque
436 651 491 693 ab
515 651 649 707 stirpe
671 651 783 693 fores
806 650 991 708 geminis
1009 651 1271 707 conjunctus
1289 651 1461 694 Atridis
1478 651 1608 705 3130·

155 722 181 743 ‘⁶
202 723 288 766 Sed
311 737 408 764 mea
431 736 501 764 me
524 723 663 765 virtus
686 728 730 765 et
753 727 907 765 sancta
929 723 1104 765 oracula
1126 723 1292 778 divum,

155 793 181 815 “
203 794 478 851 Cognatique
502 799 661 850 patres,
682 800 761 837 tua
785 794 908 837 terris
931 795 1073 837 didita
1094 794 1228 850 fama,

155 864 183 885 ‘⁴
201 864 480 921 Conjunxere
502 865 600 919 tibi,
625 871 669 908 et
691 865 798 908 fatis
821 880 942 922 egere
965 866 1197 909 volentem.

154 935 181 956 ‘⁴
203 935 452 991 Dardanus,
478 936 638 979 Iliacae
661 937 830 993 primus
853 942 980 993 pater
1001 937 1122 980 urbis
1145 941 1191 979 et
1214 942 1380 993 auctor,

157 1006 186 1027 ‘⁴
205 1007 398 1062 Electra,
423 1012 475 1049 ut
499 1007 623 1050 Graii
644 1008 889 1064 perhibent,
916 1008 1148 1051 Atlantide
1172 1013 1334 1064 cretus,
1506 1010 1593 1054 135

156 1077 183 1098 ‘⁵
202 1077 453 1120 Advehitur
476 1078 665 1120 Teucros
682 1092 693 1132 3
727 1078 953 1121 Electram
975 1079 1196 1122 maximus
1219 1079 1352 1122 Atlas

156 1149 183 1169 ‘⁴
202 1149 371 1205 Edidit,
396 1149 612 1193 aetherios
634 1150 815 1193 humero
838 1150 915 1206 qui
938 1151 1129 1194 sustinet
1152 1151 1287 1194 orbes.

155 1220 184 1241 ‘⁴
202 1220 340 1264 Vobis
364 1221 605 1263 Mercurius
628 1226 754 1278 pater
775 1227 857 1277 est,
883 1236 1014 1278 quem
1037 1223 1224 1265 candida
1250 1223 1370 1266 Maia

157 1291 184 1313 “
202 1292 408 1348 Cyllenae
431 1293 572 1349 gelido
596 1298 858 1350 conceptum
881 1294 1044 1336 vertice
1066 1294 1185 1336 fudit
1207 1309 1217 1348 3
1410 1330 1427 1342 ,

157 1363 269 1406 “At
293 1364 473 1419 Maiam,
497 1364 660 1406 auditis
684 1364 719 1406 si
741 1364 984 1421 quidquam
1007 1365 1238 1420 credimus,
1263 1365 1408 1422 Atlas,
1507 1367 1594 1409 140

157 1434 326 1477 “Idem
347 1434 481 1477 Atlas
503 1439 697 1490 generat,
722 1435 830 1477 coeli
852 1434 928 1490 qui
951 1434 1090 1477 sidera
1112 1436 1241 1478 tollit.

157 1505 185 1526 “
204 1506 274 1549 Sic
297 1520 434 1563 genus
456 1506 685 1548 amborum
708 1505 870 1548 scindit
894 1520 937 1548 se
960 1506 1171 1562 sanguine
1194 1507 1250 1549 ab
1272 1521 1372 1550 uno.

157 1575 182 1596 ‘⁶
202 1575 284 1618 His
308 1576 458 1632 fretus,
483 1590 570 1618 non
590 1576 757 1632 legatos
780 1590 924 1632 neque
948 1576 1091 1633 prima
1111 1591 1188 1633 per
1210 1584 1353 1619 artem

156 1646 183 1667 ‘⁴
204 1647 503 1690 Tentamenta
526 1647 594 1690 tui
614 1647 764 1705 pepigi
783 1662 794 1703 ;
830 1662 914 1704 me,
939 1662 1010 1691 me
1032 1648 1125 1705 ipse
1147 1663 1384 1705 meumque

157 1718 183 1739 ‘⁶
203 1718 356 1774 Objeci
378 1724 530 1775 caput,
554 1724 600 1762 et
623 1720 811 1776 supplex
833 1720 890 1762 ad
911 1719 1066 1762 limina
1084 1720 1199 1764 veni.
1510 1720 1595 1764 145

157 1789 184 1811 ‘⁶
205 1790 326 1833 Gens
349 1791 516 1847 eadem,
541 1805 655 1846 quae
677 1796 736 1846 te,
761 1791 926 1834 crudeli
951 1791 1132 1834 Daunia
1150 1791 1264 1834 bello

158 1860 185 1881 “
201 1861 486 1916 Insequitur:
522 1876 599 1904 nos
622 1862 658 1904 si
680 1862 864 1918 pellant,
884 1862 997 1903 nihil
1018 1861 1135 1904 afore
1154 1863 1352 1917 credunt,

157 1931 184 1952 “
206 1931 323 1985 Quin
345 1946 520 1974 omnem
544 1931 806 1988 Hesperiam
829 1932 1006 1988 penitus
1030 1947 1108 1974 sua
1131 1933 1212 1975 sub
1228 1933 1338 1990 juga
1360 1934 1563 1989 mittant,

159 2002 187 2023 ‘⁶
206 2003 268 2045 Et
292 2017 424 2058 mare,
452 2003 568 2058 quod
592 2018 738 2059 supra,
764 2008 961 2059 teneant,
986 2004 1192 2060 quodque
1214 2005 1342 2047 alluit
1366 2004 1493 2047 infra.

159 2073 185 2095 “
204 2073 383 2130 Accipe,
408 2075 551 2130 daque
574 2074 718 2117 fidem.
786 2075 900 2118 Sunt
924 2074 1047 2117 nobis
1068 2074 1198 2117 fortia
1220 2076 1333 2118 bello
1511 2077 1596 2119 150

160 2145 186 2166 “
203 2145 403 2200 Pectora,
429 2150 534 2187 sunt
561 2144 696 2187 animi
722 2150 766 2188 ct
789 2146 916 2187 rebus
940 2150 1142 2201 spectata
1155 2145 1413 2202 juventus?

160 2217 348 2260 Dixerat
371 2210 557 2259 Aeneas.
623 2215 705 2258 Ille
728 2232 774 2259 os
796 2217 1029 2272 oculosque
1052 2216 1272 2273 loquentis

160 2287 189 2331 J
193 2303 264 2330 am
287 2287 458 2330 dudum
481 2292 525 2329 ct
547 2292 696 2330 totum
716 2287 937 2330 lustrabat
961 2288 1126 2330 lumine
1150 2302 1333 2345 corpus;

160 2359 278 2401 Tum
302 2359 362 2402 sic
386 2373 528 2416 pauca
552 2359 704 2402 refert:
743 2358 768 2378 ‘⁵
787 2359 854 2401 Ut
878 2364 936 2414 te,
960 2359 1197 2403 fortissime
1223 2357 1459 2415 Toum-am,

162 2430 386 2488 “Accipio
409 2445 679 2488 agnoscoque
696 2429 836 2473 libens
859 2434 866 2474 Ξ
903 2435 955 2472 ut
978 2431 1108 2473 verba
1131 2431 1327 2487 parentis
1507 2434 1588 2476 155

163 2501 190 2523 ‘⁴
206 2502 268 2544 Et
290 2516 440 2544 vocem
462 2501 684 2544 Anchisae
707 2501 855 2557 magni
878 2501 1140 2557 vultumque
1164 2502 1381 2546 recordor!

165 2571 190 2593 ¹‘
212 2572 332 2616 Nam
354 2573 536 2616 memini
558 2572 774 2615 Hesionae
798 2572 1011 2614 visentem
1034 2586 1166 2628 regna
1189 2572 1339 2616 sororis
