1731 2923
550 135 782 165 AENEIDOS
815 136 902 167 Lm.
936 136 982 167 11.
1429 129 1486 173 45

138 244 292 300 Atque
315 243 392 286 ubi
408 243 503 300 jam
525 244 694 300 patriae
718 249 983 301 perventum
1007 245 1064 287 ad
1086 245 1240 287 limina
1263 246 1375 289 sedis

50 316 358 372 Antiquasque
380 315 529 358 domos
549 329 558 359 ε
594 315 781 372 genitor,
809 329 943 371 quem
965 316 1114 358 tollere
1136 316 1182 358 in
1204 317 1314 359 altos
1399 320 1484 362 635

47 387 274 444 Optabam
295 386 490 443 primum
511 391 684 429 montes
706 386 989 443 primumque
1013 387 1233 443 petebam,

46 458 252 515 Abnegat
275 457 421 500 excisa
444 457 581 500 vitam
598 458 834 513 producere
859 456 988 513 Troja

43 529 352 585 Exsiliumque
376 529 482 586 pati.
550 528 577 549 ‘⁴
598 528 688 571 Vos
712 544 748 584 ο,
773 528 934 584 quibus
956 528 1127 585 integer
1148 529 1243 571 aevi

45 600 74 621 ‘⁶
97 601 286 657 Sanguis
301 602 326 619 '’
350 600 414 642 ait
439 599 467 620 ‘⁴
488 599 736 656 solidaeque
760 614 838 642 suo
860 604 982 642 stant
1006 601 1154 643 robore
1177 600 1300 655 vires,

43 671 70 692 “
90 671 181 714 Vos
203 672 373 728 agitate
393 672 545 728 fugam
564 685 574 726 3
874 726 882 733 „
1396 674 1482 715 Gal-e

44 742 71 764 “
90 742 162 785 Me
187 742 223 785 si
245 741 473 785 coelicolae
496 741 734 785 voluissent
757 742 912 784 ducere
930 738 1087 798 'vitam7

43 812 70 835 ‘⁶
90 813 184 856 Has
206 812 317 856 mihi
338 817 579 856 servassent
601 813 734 856 sedes.
802 813 919 856 Satis
940 828 1030 856 una
1052 828 1269 870 superque

43 882 71 903 ‘⁴
92 882 299 925 Vidimus
322 882 492 925 excidia
515 887 560 924 et
583 887 738 938 captae
763 882 1063 939 superavimus
1085 884 1193 928 urbi.

42 952 68 973 ‘⁴
91 952 162 996 Sic
189 967 226 1008 ο,
252 953 312 995 sic
335 952 531 1009 positum
552 951 680 994 affati
701 952 913 996 discedite
936 967 1103 1009 corpus.

43 1022 69 1043 “
91 1021 192 1079 Ipse
217 1037 355 1065 manu
375 1027 564 1065 mortem
585 1021 836 1077 inveniam;
871 1022 1152 1066 miserebitur
1175 1024 1315 1067 hostis
1391 1026 1478 1070 645

41 1093 70 1115 ‘⁴
89 1093 373 1150 Exuviasque
394 1098 530 1150 petet.
594 1092 757 1136 Facilis
774 1093 950 1149 jactura
973 1094 1173 1151 sepulcri.

41 1165 69 1185 ‘⁶
83 1164 115 1208 J
118 1180 190 1208 am
213 1165 383 1222 pridem
403 1165 571 1208 invisus
594 1165 706 1208 divis
729 1171 774 1208 et
794 1165 968 1209 inutilis
990 1181 1127 1210 annos

41 1236 67 1256 ‘⁶
88 1236 310 1292 Demeror,
334 1250 389 1278 ex
411 1250 498 1292 quo
520 1250 590 1278 me
613 1236 766 1278 divum
787 1242 915 1293 pater
935 1242 1071 1293 atque
1093 1237 1321 1281 hominum
1345 1253 1418 1281 rex

41 1305 67 1327 ‘⁴
87 1306 309 1349 Fulminis
331 1306 501 1349 afflavit
524 1306 670 1350 ventis
692 1312 738 1349 et
760 1307 947 1364 contigit
970 1307 1103 1364 igni.”

40 1379 165 1421 Talia
186 1379 414 1436 perstabat
437 1393 695 1435 memorans,
718 1378 920 1435 fixusque
943 1380 1152 1423 manebat
1169 1394 1180 1435 3
1389 1381 1476 1425 650

40 1450 133 1493 Nos
156 1457 307 1493 contra
331 1450 458 1493 effusi
480 1451 671 1493 lacrimis
695 1451 940 1507 conjuxque
965 1451 1129 1494 Creusa

39 1522 344 1577 Ascaniusque
367 1522 595 1578 omnisque
620 1523 788 1577 domus,
813 1537 869 1565 ne
891 1528 1059 1565 vertere
1083 1538 1235 1566 secum

39 1592 215 1635 Cuncta
238 1597 365 1648 pater
386 1592 565 1648 fatoque
587 1593 765 1648 urgenti
788 1593 1040 1635 incumbere
1065 1594 1209 1637 vellet.

39 1663 266 1720 Abnegat,
290 1663 552 1719 inceptoque
577 1667 621 1706 et
646 1663 822 1706 sedibus
844 1663 995 1706 haeret
1017 1663 1066 1706 in
1088 1665 1241 1709 isdem.

38 1733 208 1776 Rursus
231 1734 277 1776 in
299 1748 421 1776 arma
443 1734 566 1788 feror,
590 1739 864 1790 mortemque
886 1735 1152 1779 miserrimus
1174 1740 1292 1792 opto,
1388 1738 1475 1781 655

38 1803 158 1847 Nam
180 1805 298 1861 quod
321 1804 552 1847 consilium
575 1809 655 1847 aut
677 1819 789 1861 quae
806 1805 901 1862 jam
923 1806 1098 1849 fortuna
1120 1807 1311 1849 dabatur
1329 1808 1350 1850 Ρ

41 1874 68 1896 “
89 1875 218 1917 Mene
239 1875 390 1918 efferre
411 1876 584 1932 pedem,
609 1875 792 1933 genitor,
812 1882 856 1919 te
878 1892 1002 1933 posse
1024 1877 1174 1921 relicto

40 1945 70 1966 ‘⁴
91 1945 300 2002 Sperasti,
324 1951 591 2003 tantumque
613 1946 735 1989 nefas
757 1947 899 2003 patrio
921 1947 1085 1990 excidit
1108 1962 1177 1991 ore
1197 1950 1218 1992 Ρ

39 2015 66 2036 “
88 2016 135 2060 Si
156 2016 268 2058 nihil
290 2031 344 2059 ex
366 2022 496 2059 tanta
519 2017 686 2074 superis
708 2018 855 2074 placet
876 2018 983 2061 urbe
1005 2019 1206 2075 relinqui,

39 2086 66 2106 ‘⁴
85 2086 147 2129 Et
171 2087 292 2129 sedet
314 2086 394 2129 hoc
418 2087 578 2143 animo,
604 2089 911 2146 perituraeque
933 2090 1091 2132 addere
1116 2090 1271 2147 Trojae
1386 2093 1473 2136 660

39 2157 66 2180 ·'‘
93 2157 245 2213 Teque
267 2162 456 2213 tuosque
472 2158 602 2214 juvat
621 2173 632 2213 3
668 2165 794 2215 patet
816 2160 891 2203 isti
906 2159 1045 2216 janua
1066 2162 1170 2216 leto,

37 2228 63 2249 “
83 2228 278 2284 Jamque
301 2228 443 2270 aderit
463 2229 605 2272 multo
629 2229 796 2272 Priami
818 2231 872 2272 de
895 2231 1108 2287 sanguine
1131 2231 1339 2287 Pyrrhus,

38 2299 68 2320 “
87 2299 290 2342 Gnatum
313 2304 416 2341 ante
439 2314 512 2342 ora
534 2299 692 2356 patris,
715 2306 888 2356 patrem
909 2302 986 2357 qui
1007 2302 1241 2344 obtruncat
1263 2303 1320 2345 ad
1342 2318 1451 2347 aras.

38 2368 65 2389 “
83 2368 178 2411 Hoc
202 2369 453 2425 erat‚‘alma
475 2384 645 2426 parens,
670 2370 787 2426 quod
808 2384 879 2412 me
903 2385 979 2427 per
1000 2371 1106 2426 tela,
1130 2386 1209 2428 per
1229 2371 1352 2428 ignes

38 2438 229 2495 “Eripis
249 2449 260 2489 3
295 2444 347 2482 ut
369 2439 523 2482 mediis
547 2439 720 2482 hostem
741 2440 787 2482 in
809 2440 1127 2496 penetralibus,
1151 2446 1289 2507 utque
1385 2443 1472 2487 665

39 2508 66 2530 “
85 2509 331 2552 Ascanium
351 2514 610 2567 patremque
631 2525 782 2553 meum
799 2510 1019 2567 juxtaque
1043 2511 1266 2568 Creusam,

43 2579 73 2601 “
91 2579 302 2623 Alterum
322 2580 371 2623 in
392 2580 571 2624 alterius
593 2586 812 2624 mactatos
834 2582 1048 2639 sanguine
1070 2597 1247 2626 cernam
1266 2584 1288 2627 Ρ
