1757 2916
153 134 240 176 112
659 143 890 174 AENEIDos
923 143 1009 174 ΠΒ.
1046 143 1089 174 v.

152 253 314 299 Albani
337 253 521 297 docuere
544 247 644 296 suos
664 267 673 297 :
709 252 810 295 hinc
833 252 1031 294 maxima
1053 266 1177 308 porro
1503 247 1592 291 600

153 325 339 382 Accepit
365 325 504 367 Roma
528 329 572 367 et
596 323 792 380 patrium
815 323 1003 366 servavit
1025 323 1264 375 honorem3

153 395 371 452 Trojaque
394 409 511 437 nune
535 394 660 450 pueri
684 394 924 449 Trojanum
947 393 1110 435 dicitur
1132 405 1304 448 agmen.

153 468 251 510 Hac
275 467 494 509 celebrata
517 471 644 508 tenus
669 470 819 508 saneto
841 463 1083 506 certamina
1104 463 1231 520 patri.

246 538 331 581 Hic
355 537 545 594 primum
569 536 770 579 Fortuna
792 535 925 577 fidem
947 539 1126 577 mutata
1150 534 1339 577 novavit.

157 610 277 652 Dum
299 608 432 651 variis
455 607 629 650 tumulo
651 606 844 649 referunt
869 605 1080 648 solemnia
1101 605 1219 647 ludis
1239 618 1250 659 3
1509 604 1597 646 605

155 681 263 723 Irim
285 680 338 722 de
363 679 479 721 coelo
501 677 621 720 misit
647 676 858 720 Saturnia
879 675 1002 718 Juno

155 752 342 795 Iliacam
366 751 422 793 ad
446 751 644 804 classem,
669 753 909 804 ventosque
931 747 1130 804 adspirat
1154 746 1293 802 eunti,

155 824 303 867 Multa
326 837 520 878 movens,
546 822 735 864 necdum
757 820 996 877 antiquum
1020 824 1221 863 saturata
1244 819 1447 861 dolorem.

155 896 256 952 Illa,
280 895 399 937 viam
422 894 615 936 celerans
637 908 714 950 per
734 893 854 935 mille
877 891 1090 935 coloribus
1112 905 1279 946 areum,

156 967 282 1010 Nulli
304 966 411 1022 visa,
436 965 523 1008 cito
547 964 737 1007 decurrit
760 964 940 1007 tramite
964 963 1096 1020 virgo,
1512 959 1600 1003 610

158 1037 384 1094 Conspicit
406 1036 634 1094 ingentem
656 1049 932 1091 coneursum,
958 1040 1002 1077 et
1024 1033 1154 1077 litora
1176 1033 1352 1089 lustrat,

159 1109 451 1165 Desertosque
474 1107 594 1150 videt
618 1113 770 1164 portus
793 1107 1061 1162 classemque
1085 1106 1298 1149 relictam.

159 1181 224 1224 At
246 1180 395 1237 procul
416 1180 461 1222 in
488 1179 579 1223 sola
602 1185 790 1222 secretae
816 1179 1006 1221 Troades
1029 1183 1130 1221 acta

159 1252 389 1303 Amissum
413 1251 638 1294 Anchisen
661 1250 841 1305 flebant,
867 1255 1140 1306 cunctaeque
1163 1249 1433 1306 profundum

161 1323 358 1366 Pontum
380 1322 701 1379 adspectabant
723 1321 894 1365 fientes.
960 1321 1064 1363 Heu
1087 1326 1154 1363 tot
1177 1321 1289 1363 vada
1310 1320 1434 1362 fessis
1513 1319 1601 1362 6-15

161 1393 221 1436 Et
246 1399 425 1436 tantum
449 1407 671 1449 superesse
693 1392 838 1448 maris,
862 1407 947 1434 vox
969 1392 1173 1434 omnibus
1194 1406 1296 1435 una.

162 1465 330 1507 Urbem
353 1470 505 1508 orant:
542 1465 691 1506 taedet
713 1463 860 1520 pelagi
882 1463 1069 1520 perferre
1090 1464 1296 1506 laborem.

162 1536 275 1592 Ergo
298 1536 415 1577 inter
437 1535 603 1577 medias
626 1550 716 1577 sese
738 1535 857 1577 haud
879 1534 1032 1591 ignara
1054 1533 1240 1577 nocendi

164 1607 367 1662 Conjicit,
393 1612 437 1649 et
458 1606 705 1662 faciemque
728 1607 834 1649 deae
858 1611 1114 1662 vestemque
1139 1605 1335 1662 reponit:

162 1679 237 1721 Fit
263 1679 419 1734 Beroe,
446 1678 615 1720 Tmarii
637 1678 798 1734 conjux
818 1678 1030 1735 longaeva
1053 1677 1247 1734 Dorycli,
1515 1675 1603 1718 620

164 1751 248 1794 Cui
270 1765 408 1807 genus
431 1755 475 1792 et
501 1750 724 1806 quondam
746 1764 907 1792 nomen
929 1749 1112 1805 natique
1134 1749 1348 1802 fuissent;

164 1823 230 1866 Ac
254 1823 311 1865 sic
338 1821 644 1864 Dardanidum
667 1821 859 1863 mediam
882 1835 925 1862 se
947 1820 1163 1862 matribus
1185 1819 1331 1862 infert.

166 1894 193 1914 “
218 1893 254 1936 O
281 1892 476 1947 miserae,
502 1906 611 1947 quas
632 1906 719 1933 non
741 1905 901 1933 manus
915 1892 940 1908 ''
964 1890 1111 1946 inquit
1137 1889 1164 1910 ‘⁴
1183 1889 1378 1932 Achaica
1399 1889 1513 1931 bello

166 1964 192 1984 ‘⁴
212 1962 416 2005 Traxerit
439 1963 495 2004 ad
517 1962 658 2005 letum
681 1961 850 2018 patriae
874 1961 955 2004 sub
978 1961 1205 2004 moenibus
1227 1964 1235 2005 !
1272 1975 1296 2004 o
1318 1975 1424 2018 gens

167 2033 194 2055 “
213 2033 391 2089 Infelix,
412 2033 482 2075 eui
505 2038 550 2075 te
573 2032 706 2075 exitio
729 2032 929 2074 Fortuna
951 2037 1140 2074 reservat
1159 2033 1180 2075 Ρ
1519 2031 1604 2075 625

168 2105 194 2125 “
216 2104 415 2160 Septima
438 2109 539 2161 post
563 2103 718 2159 Trojae
742 2103 963 2145 excidium
980 2102 1073 2159 jam
1095 2102 1286 2146 vertitur
1307 2108 1464 2158 aestas,

169 2176 196 2197 “
218 2176 366 2229 Quum
389 2175 515 2231 freta,
539 2189 679 2231 quum
702 2179 841 2216 terras
863 2188 1025 2229 omnes,
1049 2178 1120 2216 tot
1145 2174 1370 2231 inhospita
1394 2188 1502 2217 saxa

168 2247 198 2269 ‘⁴
220 2247 457 2303 Sideraque
481 2260 683 2288 emensae
704 2245 898 2300 ferimur,
923 2245 1032 2287 dum
1055 2260 1130 2302 per
1151 2260 1271 2288 mare
1293 2259 1506 2303 magnum

169 2319 194 2341 ‘⁶
215 2319 399 2361 Italiam
423 2317 647 2374 sequimur
667 2316 928 2374 fugientem,
954 2321 998 2359 et
1021 2317 1238 2359 volvimur
1258 2317 1402 2360 undis.

170 2390 197 2411 ‘⁴
218 2390 303 2432 Hie
328 2390 481 2446 Erycis
504 2390 611 2432 fines
633 2387 815 2431 fraterni
837 2392 971 2443 atque
994 2388 1148 2444 hospes
1172 2388 1378 2431 Acestes:
1520 2388 1607 2429 630
1635 2430 1637 2433 ,

171 2461 196 2482 “
217 2461 333 2515 Quid
366 2461 581 2518 prohibet,
605 2474 751 2503 muros
768 2459 912 2516 jacere
936 2464 980 2500 et
1002 2460 1105 2501 dare
1129 2459 1296 2501 civibus
1319 2458 1472 2500 urbem
1492 2459 1513 2502 Ρ

171 2531 198 2553 “
219 2532 255 2575 Ο
281 2532 424 2587 patria
446 2537 490 2574 et
514 2531 630 2588 rapti
654 2530 955 2586 nequidquam
979 2543 1033 2571 ex
1056 2530 1179 2571 hoste
1204 2529 1411 2580 Penates,

172 2603 198 2623 ‘⁶
219 2603 411 2645 Nullane
429 2602 523 2659 jam
547 2602 704 2658 Trojae
726 2601 928 2645 dicentur
950 2601 1121 2643 moenia
1137 2602 1157 2643 Ρ
1195 2614 1413 2656 nusquam
