1757 2916
149 130 233 172 108
653 138 884 170 AENEmos
918 138 1005 168 LIB.
1041 137 1084 167 v.

148 250 342 308 Eripuit,
366 249 563 292 mulcens
585 249 732 304 dictis,
756 262 807 290 ac
831 247 941 290 talia
963 246 1113 290 fatur:

148 322 176 357 ‘4
195 321 372 377 Infelix,
397 335 508 377 quae
531 325 659 363 tanta
681 319 879 362 animum
903 316 1127 360 dementia
1149 315 1264 372 cepit
1282 316 1303 358 Ρ
1503 312 1591 357 465

149 393 176 415 “
196 393 299 436 Non
322 393 435 435 vires
458 392 565 434 alias
588 403 882 445 conversaque
904 388 1088 431 numina
1113 387 1285 430 sentis?

149 465 177 487 ‘⁶
197 465 313 509 Cede
336 465 415 507 deo
433 468 443 509 !
462 465 486 482 ''
552 463 783 518 Dixitque,
809 466 854 503 et
875 460 1038 517 proelia
1059 473 1163 502 voce
1186 457 1379 502 diremit.

148 537 236 581 Ast
259 537 385 579 illum
409 535 486 578 fidi
509 534 727 590 aequales,
752 546 896 589 genua
919 546 1048 588 aegra
1071 530 1335 584 trahentem,

148 609 494 662 {laetantemque
518 612 703 661 utroque
726 609 875 660 caput,
899 616 1188 658 crassumque
1212 615 1408 644 cruorem

152 679 238 723 Ore
263 679 529 734 ejectanteln
552 677 802 731 mixtosque
824 675 870 717 in
893 673 1107 731 sanguine
1131 674 1298 728 dentes,
1503 670 1593 715 470

151 751 336 792 Ducunt
355 750 411 791 ad
435 762 580 804 naves,
606 747 863 803 galeamque
888 759 1123 801 ensemque
1146 744 1291 787 vocati

149 820 393 876 Accipiunt
415 834 426 874 3
461 820 657 876 palmam
679 817 858 860 Entello
880 822 1150 873 taurumque
1173 815 1440 871 relinquunt.

150 891 236 934 Hic
260 891 412 947 victor,
439 904 649 946 superans
672 888 832 932 animis
855 893 1069 944 tauroque
1094 887 1318 944 superbus,

151 963 179 984 ‘⁶
198 963 319 1005 Nate
342 963 438 1018 dea,
461 975 625 1017 vosque
647 961 755 1003 haec
774 962 798 978 ''
822 960 967 1016 inquit
993 959 1022 980 ‘⁶
1036 958 1299 1016 cognoscite,
1325 956 1500 1012 Teucri,

152 1034 179 1055 “
202 1034 264 1076 Et
287 1033 397 1076 mihi
420 1048 532 1089 quae
553 1031 718 1074 fuerint
734 1031 931 1088 jiivenali
953 1031 1000 1073 in
1023 1045 1196 1087 corpore
1218 1030 1344 1085 vires,
1504 1025 1593 1072 475

154 1103 182 1126 ‘⁴
200 1105 263 1147 Et
287 1119 373 1160 qua
398 1103 576 1146 servetis
599 1107 852 1145 revocatum
874 1117 899 1144 a
921 1106 1062 1144 morte
1085 1101 1296 1144 Dareta.''

153 1175 299 1231 Dixit,
324 1181 369 1217 et
391 1174 561 1217 adversi
587 1178 740 1216 contra
762 1173 889 1216 stetit
913 1187 986 1215 ora
1003 1171 1196 1229 juvenci,

152 1247 240 1301 Qui
261 1247 427 1289 donum
451 1246 659 1288 adstabat
681 1259 872 1301 pugnae,
897 1244 1113 1299 durosque
1137 1243 1318 1285 reducta

150 1318 352 1361 Libravit
374 1318 531 1360 dextra
553 1316 697 1359 media
719 1316 837 1358 inter
858 1329 1019 1358 cornua
1041 1320 1200 1370 cestus,

151 1389 349 1443 Arduus,
374 1387 641 1442 effractoque
662 1385 786 1428 illisit
808 1385 858 1427 in
880 1400 976 1428 ossa
999 1385 1182 1428 cerebro.
1506 1381 1596 1425 480

156 1459 381 1504 Sternitur
403 1457 705 1513 exanimisque
728 1462 922 1499 tremens
947 1456 1198 1512 procumbit
1221 1455 1347 1497 humi
1367 1455 1456 1498 bos.

153 1531 234 1573 Ille
257 1545 388 1585 super
410 1529 521 1572 tales
544 1528 734 1571 effundit
757 1532 931 1584 pectore
954 1542 1079 1570 voces
1100 1541 1109 1571 1

154 1601 182 1622 “
201 1601 329 1643 Hauc
354 1599 451 1655 tibi,
476 1599 610 1656 Eryx,
636 1598 859 1641 meliorem
881 1598 1075 1641 animam
1097 1612 1175 1653 pro
1197 1601 1335 1639 morte
1361 1596 1536 1638 Daretis

154 1672 181 1693 ‘⁴
198 1672 429 1715 Pcrsolve:
464 1671 535 1713 hic
558 1671 698 1713 vietor
719 1675 865 1713 cestus
888 1675 1117 1725 artemque
1140 1667 1340 1725 repono.”

247 1743 466 1784 Protenus
488 1741 663 1784 Aeneas
686 1740 816 1783 celeri
838 1745 1004 1783 certare
1028 1739 1194 1796 sagitta
1364 1762 1368 1765 ·
1508 1737 1596 1781 485

153 1814 345 1868 Invitat,
371 1813 447 1868 qui
468 1812 577 1854 forte
599 1811 753 1867 velint,
778 1816 823 1853 et
845 1811 1040 1867 praemia
1062 1810 1200 1866 ponit,

156 1883 423 1941 Ingentique
446 1897 583 1937 manu
605 1882 776 1923 malum
797 1882 851 1924 de
873 1895 985 1923 nave
1010 1879 1173 1924 Seresti

156 1953 316 2010 Erigit,
342 1959 384 1996 et
408 1953 629 1995 volucrem
652 1950 836 2007 trajecto
857 1951 903 1993 in
924 1951 1029 1993 fune
1053 1950 1323 2005 columbam,

157 2027 253 2080 Quo
279 2025 466 2068 tendant
488 2024 666 2078 ferrum,
691 2022 807 2064 malo
831 2022 1059 2078 suspendit
1081 2022 1137 2064 ab
1161 2021 1262 2064 alto.

158 2098 408 2158 Convenere
432 2095 523 2151 viri,
549 2094 851 2150 dejectamque
875 2108 998 2136 aerea
1021 2087 1197 2136 sortem'
1507 2092 1597 2136 490

158 2167 348 2224 Accepit
371 2166 494 2223 galea
515 2179 524 2220 3
560 2170 604 2207 ct
627 2164 795 2221 primus
818 2165 1002 2206 clamore
1028 2164 1217 2207 secundo

157 2239 429 2295 Hyrtacidae
453 2242 557 2279 ante
579 2250 730 2279 omnes
753 2235 846 2277 exit
868 2235 988 2278 loeus
1012 2234 1356 2292 Hiffliocoontis;

159 2309 301 2362 Quem
325 2308 454 2350 modo
477 2306 621 2349 navali
644 2305 903 2347 Mnestheus
925 2305 1161 2347 certamine
1185 2305 1324 2346 victor

159 2379 466 2436 Consequitur,
493 2377 619 2420 viridi
644 2377 903 2419 Mnestheus
926 2376 1127 2420 evinctus
1149 2376 1275 2420 oliva.

158 2450 337 2493 Tertius
358 2449 594 2506 Eurytion,
618 2453 737 2503 tuus,
761 2462 785 2489 0
808 2435 1056 2501 clarissime,
1080 2447 1229 2501 frater,
1506 2445 1595 2489 495

160 2522 374 2578 Pandare,
399 2520 474 2577 qui
496 2519 735 2577 quondam,
753 2518 900 2575 jussus
924 2518 1186 2560 confundere
1206 2517 1373 2572 foedus,

160 2593 214 2635 In
238 2591 403 2635 medios
426 2591 571 2634 telum
594 2590 761 2633 torsisti
784 2589 951 2646 primus
976 2588 1167 2631 Achivos
1191 2602 1199 2634 :
