1757 2916
200 132 286 175 266
685 144 915 174 Ausmnos
948 144 1033 175 Lm.
1070 144 1130 174 xr.

199 252 424 308 Armaque
447 267 709 309 corporaque
732 258 777 295 et
801 252 1008 308 permixti
1030 253 1161 295 caede
1183 252 1370 295 virorum

201 323 489 366 Semianimes
514 325 751 366 volvuntur
774 323 889 379 equi,
915 338 1066 378 pugna
1088 338 1242 380 aspera
1265 323 1418 380 surgit.

199 395 450 441 Orsilochus
475 395 667 450 Remuli,
694 396 868 450 quzn‘ulo
890 395 1036 450 ipsum
1059 394 1259 437 horrebat
1283 396 1416 450 adire,

199 466 387 510 Hastam
413 467 587 509 intorsit
611 480 736 522 eque,
761 466 1012 522 ferrumque
1037 466 1117 508 sub
1139 481 1242 509 aure
1265 467 1466 523 reliquit:

200 539 295 591 Quo
319 538 488 594 sonipes
512 538 604 580 ictu
627 537 733 579 furit
756 538 935 593 arduus,
961 538 1139 593 altaque
1157 538 1302 594 jactat

199 609 404 651 Vulneris
426 608 665 664 impatiens
690 614 854 651 arrecto
879 614 1050 664 pectore
1074 623 1222 652 crura:

198 679 405 721 Volvitur
426 679 499 721 ille
523 693 730 722 excussus
752 679 888 722 humi.
957 679 1146 722 Catillus
1168 679 1310 722 Iollan

197 750 519 806 Ingentemque
542 750 715 806 animis,
734 751 962 807 ingentem
984 766 1156 808 corpore
1179 756 1223 794 et
1245 750 1391 806 armis,

199 819 363 877 Dejicit
387 821 682 877 Herminium,
706 823 826 866 nudo
849 822 919 865 cui
941 822 1100 865 vertice
1122 823 1244 865 fulva

199 892 438 954 Caesaries,
463 893 658 949 nudique
681 893 853 936 humeri
875 908 884 948 ;
921 908 1000 936 nee
1024 894 1208 936 vulnera
1230 898 1420 936 terrent:

199 962 373 1006 Tantus
394 964 441 1006 in
463 978 584 1006 arma
607 969 743 1020 patet.
811 964 947 1007 Latos
969 965 1070 1008 huie
1093 965 1222 1007 hasta
1245 979 1320 1021 per
1341 978 1484 1006 armos

197 1034 316 1077 Acta
337 1035 504 1090 tremit,
529 1035 817 1091 duplicatque
841 1036 984 1078 virum
1010 1037 1222 1079 transfixa
1245 1037 1399 1080 dolore.

197 1104 423 1148 Funditur
444 1111 540 1148 ater
560 1105 723 1161 ubique
747 1121 871 1148 cruor
887 1121 897 1160 ;
932 1108 1041 1149 dant
1063 1107 1217 1149 funera
1237 1106 1347 1150 ferro

199 1174 446 1231 Certantes,
471 1176 792 1232 pulchramque
816 1183 974 1232 petunt
998 1192 1075 1234 per
1096 1178 1276 1220 vulnera
1298 1181 1498 1220 mortem.

198 1245 263 1288 At
285 1245 450 1288 medias
473 1246 587 1288 inter
609 1247 762 1289 caedes
786 1248 981 1290 exsultat
1005 1247 1218 1303 Amazon,

199 1315 354 1360 Unum
378 1322 549 1360 exserta
570 1318 687 1360 latus
710 1333 899 1374 pugnae,
924 1319 1178 1374 pharetrata
1204 1318 1404 1373 Camilla,

200 1388 263 1431 Et
287 1403 403 1431 nunc
426 1388 547 1430 lenta
571 1403 707 1430 manu
731 1403 936 1445 spargens
959 1389 1137 1432 hastilia
1159 1390 1327 1444 denset,

199 1458 330 1502 Nunc
352 1458 546 1501 validam
569 1459 725 1501 dextra
748 1459 864 1515 rapit
885 1459 1103 1502 indefessa
1124 1459 1359 1516 bipennem
1380 1472 1392 1514 ;

198 1531 376 1574 Aureus
398 1544 452 1572 ex
473 1530 655 1572 humero
678 1535 804 1573 sonat
829 1545 955 1574 arcus
977 1536 1021 1573 et
1044 1545 1167 1573 arma
1190 1530 1371 1574 Dianae.

198 1601 286 1644 Illa
307 1601 459 1657 etiam,
485 1600 520 1644 si
543 1602 718 1657 quando
741 1601 785 1643 in
809 1607 985 1658 tergum
1006 1602 1135 1658 pulsa
1157 1601 1347 1657 recessit,

200 1672 380 1729 Spicula
402 1686 603 1715 converso
625 1672 845 1729 fugientia
867 1672 1016 1729 dirigit
1038 1687 1154 1717 arcu,

198 1744 264 1788 At
286 1744 453 1788 circum
475 1744 615 1787 lectae
638 1744 835 1800 comites,
860 1744 1109 1800 Larinaque
1133 1744 1253 1801 virgo

199 1815 417 1871 Tullaque
440 1819 484 1857 ct
507 1820 702 1857 aeratam
727 1815 932 1870 quatiens
957 1815 1147 1872 Tarpeia
1170 1815 1371 1870 securim,

198 1885 396 1940 Italides,
421 1899 531 1940 quas
554 1885 649 1941 ipsa
671 1886 802 1928 decus
825 1886 907 1927 sibi
930 1886 1002 1928 dia
1027 1886 1215 1929 Camilla

203 1955 380 2012 Delcgit
399 1954 604 2010 pacisque
626 1955 763 1998 bonas
784 1956 974 2011 bellique
998 1955 1221 1998 ministras
1242 1971 1250 1999 :

201 2026 363 2080 Quales
387 2025 614 2067 Threiciae
638 2040 774 2081 quum
797 2026 980 2068 flumina
1004 2026 1340 2070 Thermodontis

202 2097 391 2139 Pulsant
414 2101 459 2139 et
482 2096 614 2152 pictis
635 2097 857 2138 bellantur
879 2096 1126 2140 Amazones
1149 2098 1295 2152 armis,

202 2168 287 2212 Seu
312 2167 477 2210 circum
501 2166 789 2223 Hippolyten,
814 2182 889 2209 seu
913 2182 1051 2223 quum
1074 2183 1117 2210 se
1142 2168 1303 2210 Martia
1325 2183 1456 2211 curru

203 2239 485 2282 Penthesilea
508 2238 651 2294 refert,
677 2254 923 2295 magnoque
948 2240 1146 2282 ululante
1169 2240 1374 2282 tumultu

203 2310 413 2353 Feminea
435 2310 662 2352 exsultant
685 2310 849 2352 lunatis
872 2311 1049 2367 agmina
1071 2311 1214 2367 peltis,

203 2382 345 2435 Quem
370 2382 456 2425 tclo
479 2382 685 2438 primum,
711 2395 841 2436 quem
864 2387 1135 2437 postremum
1157 2395 1310 2437 aspera
1335 2380 1454 2437 virgo

203 2453 380 2509 Dejicis,
404 2458 484 2495 aut
507 2457 614 2508 quot
637 2451 760 2494 humi
784 2452 1014 2494 morientia
1036 2466 1213 2509 corpora
1234 2451 1382 2494 fundis
1397 2452 1418 2494 Ξ)

201 2525 407 2567 Euncum
431 2523 575 2579 Clytio
597 2523 788 2579 primum
812 2528 960 2578 patre:
997 2523 1122 2579 cujus
1144 2527 1349 2579 apertum

207 2594 387 2638 Adversi
408 2594 537 2649 longa
561 2592 881 2635 transverberat
904 2592 1047 2635 abiete
1070 2598 1239 2649 peetus.

1544 324 1630 367 635

1545 679 1633 723 640

1545 1034 1633 1079 645

1546 1389 1634 1433 650

1547 1743 1636 1787 655

1547 2097 1635 2141 660

1545 2451 1632 2495 665
