1731 2923
613 131 844 162 AENfflDos
876 128 964 164 LIB.
998 132 1026 163 1.
1511 126 1539 168 5

97 236 275 281 Circum
298 237 490 281 claustra
513 238 707 286 fremunt
728 253 739 294 ;
776 239 890 283 celsa
913 241 1033 284 sedet
1056 240 1221 285 Aeolus
1243 257 1355 298 arce,

98 309 282 366 Sceptra
306 314 476 366 tenens,
499 311 732 367 mollitque
755 311 924 354 animos
947 318 993 354 et
1014 317 1234 368 temperat
1256 312 1343 356 iras
1363 328 1372 357 :
1401 326 1441 352 ;

95 379 158 422 Ni
178 380 330 436 faciat,
354 380 495 424 maria
517 395 567 424 ac
591 387 729 425 terras
752 383 1010 440 coelumque
1031 383 1301 440 profundum

96 449 272 508 Quippe
293 451 438 495 ferant
461 452 603 509 rapidi
625 467 775 496 secum
797 459 1060 510 verrantque
1083 469 1161 512 per
1182 469 1324 499 auras.

74 537 77 539 ’
97 521 183 565 Sed
206 528 332 579 pater
353 522 632 581 omnipotens
655 524 874 581 speluncis
896 525 1068 568 abdidit
1090 525 1212 582 atris,
1479 528 1536 570 60

94 592 191 637 Hoc
214 599 431 651 metuens,
456 595 703 652 molemque
726 600 771 639 et
794 601 968 640 montes
988 597 1168 655 insuper
1190 597 1305 640 altos

94 664 328 722 Imposuit,
353 680 587 723 regemque
609 667 747 722 dedit,
767 667 844 724 qui
863 667 1034 711 foedere
1056 673 1174 711 certo

95 735 156 779 Et
178 751 375 793 premere
396 742 442 780 et
464 738 588 781 laxas
611 739 740 781 sciret
763 739 866 782 dare
883 738 1033 796 jussus
1054 739 1262 784 habenas.

95 808 169 852 Ad
191 822 324 865 quem
345 813 446 852 tum
468 809 500 852 J
505 824 593 852 uno
617 810 807 866 supplex
827 810 895 853 his
916 810 1096 854 vocibus
1117 825 1198 853 usa
1219 816 1286 854 est
1305 825 1315 855 :
1336 839 1365 847 ω

97 879 123 900 “
141 879 495 936 Aeole—namque
518 879 602 923 tibi
622 880 776 923 divum
799 886 928 937 pater
948 886 1083 938 atque
1105 880 1336 924 hominum
1358 895 1432 924 rcx
1477 882 1534 925 65

96 949 124 972 “
142 951 205 994 Et
228 950 419 994 mulcere
442 950 565 993 dedit
586 950 751 993 fluctus
773 957 818 994 et
841 950 993 994 tollere
1016 956 1183 1007 vento-,

96 1022 123 1043 “
142 1021 263 1066 Gens
284 1021 463 1066 inimica
483 1021 593 1065 mihi
617 1015 895 1078 Tyrrhenum
917 1022 1098 1079 navigat
1120 1037 1293 1079 aequor,

96 1092 125 1115 “
143 1093 280 1137 Ilium
301 1093 348 1136 in
370 1093 553 1137 Italiam
574 1099 754 1150 portans
777 1093 1003 1150 victosque
1027 1093 1218 1137 Penates
1237 1108 1248 1138 :

96 1164 124 1186 “
142 1165 301 1209 Incute
323 1164 417 1208 vim
438 1165 581 1209 ventis
604 1165 939 1222 submersasque
960 1165 1094 1211 obrue
1116 1179 1304 1222 puppes,

96 1235 126 1258 “
143 1236 241 1280 Aut
262 1250 342 1294 age
363 1236 555 1280 diversos
577 1241 622 1280 et
643 1235 794 1293 disjice
817 1250 993 1294 corpora
1014 1241 1177 1294 ponto.»
1191 1251 1200 1272 ³
1478 1234 1537 1281 70

97 1307 124 1328 “
145 1307 260 1352 Sunt
282 1307 394 1352 mihi
413 1306 482 1351 bis
505 1312 677 1365 septem
698 1307 946 1365 praestanti
968 1321 1142 1364 corpore
1164 1306 1415 1365 Nymphae,

97 1377 124 1399 “
143 1378 356 1436 Quarum,
380 1393 494 1436 quae
515 1379 656 1422 forma
677 1378 973 1436 pulcherrima
996 1378 1207 1435 Deiopea,

97 1449 125 1471 ‘⁶
145 1449 375 1494 Connubio
391 1449 582 1507 jungam
605 1450 754 1493 stabili
775 1449 1085 1507 propriamque
1109 1449 1279 1505 dicabo,

97 1521 125 1542 “
147 1521 315 1566 Omnes
335 1527 388 1564 ut
410 1527 562 1565 tecum
585 1521 754 1564 meritis
776 1536 854 1577 pro
876 1521 1040 1563 talibus
1063 1535 1198 1563 annos

97 1592 125 1614 ‘⁶
144 1592 378 1650 Exigat‚et
400 1591 587 1649 pulchra
606 1591 743 1634 faciat
766 1597 810 1633 te
833 1591 951 1648 prole
974 1591 1247 1647 parentem.'’
1477 1589 1535 1634 75

95 1664 261 1707 Aeolus
281 1663 389 1706 hacc
412 1667 562 1706 contra
582 1677 592 1706 t
629 1661 656 1683 ‘⁴
677 1662 816 1718 Tuus,
840 1677 864 1705 o
888 1661 1047 1719 regina,
1073 1661 1180 1717 quid
1202 1666 1341 1718 optes,

98 1733 125 1755 ‘⁶
144 1733 385 1791 Explorare
407 1733 542 1788 labor,
566 1732 677 1775 mihi
692 1732 817 1789 jussa
840 1746 1061 1789 capessere
1082 1732 1149 1774 fas
1172 1737 1250 1775 est.

71 1847 74 1850 ,
98 1804 124 1825 “
146 1804 218 1848 Tu
239 1804 362 1860 mihi,
387 1804 694 1860 quodcumque
716 1802 798 1846 hoc
823 1802 956 1859 regni,
980 1807 1036 1844 tu
1058 1806 1229 1858 sceptra
1249 1800 1281 1844 J
1284 1815 1495 1858 ovemque

97 1874 126 1896 ‘⁶
145 1874 376 1931 Concilias‚
401 1881 454 1918 tu
474 1875 553 1918 das
575 1873 715 1930 epulis
737 1873 993 1916 accumbere
1014 1871 1182 1927 divum,

99 1945 126 1967 “
144 1945 188 1989 N
191 1946 494 2003 imborumque
516 1945 624 1989 facis
645 1949 1056 2002 tempestatumque
1077 1943 1346 2000 potentem.”
1478 1943 1536 1986 80

97 2016 220 2061 Haec
241 2016 319 2060 ubi
340 2016 476 2072 dicta,
500 2031 660 2059 cavum
681 2028 888 2058 conversa
911 2013 1092 2070 cuspide
1113 2017 1314 2056 montem

98 2089 288 2147 Impulit
309 2090 357 2132 in
377 2090 513 2145 latus,
537 2103 588 2131 ac
609 2086 747 2143 venti,
770 2086 895 2129 velut
917 2084 1094 2143 agmine
1114 2084 1247 2139 facto,

99 2160 198 2214 Qua
220 2160 327 2203 data
348 2163 491 2216 porta,
515 2163 652 2201 ruunt
675 2162 719 2200 et
741 2161 881 2200 terras
903 2155 1082 2198 turbine
1104 2154 1307 2211 perflant.

99 2230 346 2274 Incubuere
367 2229 493 2285 mari,
518 2234 752 2284 totumque
774 2241 797 2270 e
819 2226 995 2270 sedibus
1015 2224 1115 2268 imis

100 2301 205 2346 Una
227 2301 461 2358 Eurusque
484 2300 718 2356 Notusque
740 2303 878 2342 ruunt
900 2297 1133 2352 creberque
1155 2293 1356 2351 procellis
1479 2295 1535 2338 85

99 2373 291 2429 Africus,
315 2377 360 2415 et
384 2377 528 2415 vastos
550 2371 734 2414 volvunt
756 2369 813 2412 ad
832 2369 963 2411 litora
984 2367 1162 2410 fluctus.

100 2443 360 2501 Insequitur
381 2443 633 2499 clamorque
655 2441 800 2483 virum
822 2438 1066 2495 stridorque
1088 2437 1340 2480 rudentum.
1398 2463 1402 2466 ν

26 2534 34 2543 ·
101 2514 310 2572 Eripiunt
333 2514 478 2558 subito
500 2513 639 2556 nubes
660 2510 918 2567 coelumque
939 2508 1146 2564 diemque

103 2585 372 2629 Teucrorum
393 2600 448 2629 ex
470 2584 607 2628 oculis
627 2598 637 2628 :
671 2587 808 2641 ponto
829 2595 917 2624 nox
939 2579 1121 2623 incubat
1143 2583 1271 2632 atra3
