1757 2916
189 103 249 148 64
639 87 642 90 Α
673 113 903 144 AENnmos
935 114 1021 145 Lm.
1057 113 1122 145 111.

190 224 318 267 Dona
341 223 499 266 dehinc
521 237 625 265 auro
648 222 796 280 gravia
819 226 1022 278 sectoque
1045 221 1280 278 elephanto

189 296 386 353 Imperat
410 296 467 338 ad
489 309 620 338 naves
642 295 757 351 ferri,
783 294 1011 351 stipatque
1034 293 1193 336 carinis
1539 291 1625 337 465

189 367 350 423 Ingens
372 371 608 423 argentum
632 365 977 421 Dodonaeosque
1000 365 1182 420 lebetas,

189 437 389 481 Loricam
413 443 658 480 consertam
680 437 822 479 hamis
845 450 1039 492 auroque
1062 436 1264 491 trilicem,

189 509 252 552 Et
274 524 433 552 conum
455 508 636 566 insignis
659 509 807 565 galeae
832 508 1072 564 cristasque
1095 513 1335 564 comantes,

190 580 329 623 Arma
352 580 645 636 Neoptolemi.
713 580 828 623 Sunt
850 584 894 621 et
919 594 999 621 sua
1020 580 1134 621 dona
1157 579 1342 635 parenti.

192 651 335 692 Addit
359 665 506 706 equos,
532 650 745 704 additque
769 650 901 691 duces
921 663 932 703 3
1539 646 1628 692 470

193 720 448 776 Remigium
471 719 650 776 supplet
668 733 678 773 ;
713 719 850 762 socios
873 719 1011 761 simul
1031 719 1214 762 instruit
1238 719 1383 763 armis.

281 791 459 833 Interea
482 791 665 833 classem
686 790 794 833 velis
816 796 970 847 aptare
988 790 1176 847 jubebat

190 862 421 918 Anchises,
446 862 572 904 fieret
593 867 726 905 Vento
747 876 868 905 mora
889 877 943 905 ne
966 876 1054 919 qua
1075 861 1246 906 ferenti.

191 933 334 987 Quem
357 933 525 976 Phoebi
546 933 764 990 interpres
787 934 931 977 multo
954 934 1193 991 compellat
1214 934 1375 977 honore
1394 948 1404 979 t

192 1004 219 1025 ‘⁶
241 1004 454 1062 Conjugio
477 1004 675 1048 Anchisa
699 1004 884 1048 Veneris
907 1004 1088 1062 dignate
1111 1005 1310 1062 superbo,
1541 1003 1630 1050 475

193 1075 220 1096 ‘⁶
239 1076 356 1119 Oura
377 1077 522 1132 deum,
547 1076 614 1118 bis
638 1076 890 1133 Pergameis
913 1082 1061 1134 erepte
1083 1077 1235 1133 ruinis,

194 1147 221 1168 ‘⁶
239 1148 354 1191 Ecce
379 1148 463 1191 tibi
484 1148 707 1191 Ausoniae
729 1148 863 1191 tellus
883 1162 894 1193 ε
927 1149 1041 1192 hane
1064 1149 1206 1206 arripe
1227 1150 1345 1194 velis.

194 1218 221 1239 ‘⁶
239 1219 301 1261 Et
325 1225 475 1262 tamen
496 1219 609 1262 hanc
632 1220 786 1276 pelago
809 1220 1134 1277 praeterlabare
1157 1235 1331 1265 necesse
1355 1226 1447 1264 est:

195 1289 222 1310 ‘⁶
242 1289 467 1333 Ausoniae
490 1305 592 1347 pars
614 1290 690 1333 illa
712 1291 879 1347 procul,
903 1305 1039 1347 quam
1061 1292 1220 1348 pandit
1244 1292 1417 1349 Apollo.

195 1360 222 1381 ‘⁶'
243 1360 412 1416 Vadc,”
436 1361 500 1403 ait
525 1361 553 1381 ‘⁶
572 1376 596 1403 0
617 1361 723 1403 felix
743 1361 839 1403 nati
861 1362 1030 1418 pictate
1051 1365 1060 1406 Σ
1128 1362 1247 1416 Quid
1270 1363 1388 1405 ultra
1541 1362 1631 1405 480

195 1431 223 1452 ‘⁴
240 1432 470 1487 Provehor,
495 1437 539 1474 et
562 1432 693 1474 fando
717 1437 943 1488 surgentes
966 1433 1164 1475 demoror
1185 1439 1355 1477 austros
1374 1436 1394 1478 P
1413 1435 1437 1452 ''

193 1502 286 1544 Nee
310 1499 455 1544 miuus
481 1502 799 1557 Andromache,
824 1502 1021 1558 digressu
1043 1508 1214 1546 maesta
1236 1519 1458 1561 supremo,

192 1571 299 1614 Fert
321 1571 571 1628 picturatas
594 1571 690 1614 auri
713 1571 962 1614 subtemine
984 1578 1127 1616 vestes

192 1643 253 1685 Et
278 1641 521 1699 Phrygiam
544 1642 734 1685 Ascanio
758 1643 1050 1699 chlamydem,
1074 1657 1155 1686 nec
1174 1644 1293 1687 cedit
1315 1644 1479 1700 honori,

194 1714 532 1770 Textilibusque
555 1720 706 1757 onerat
728 1715 868 1770 donis,
893 1729 943 1757 ac
967 1714 1075 1757 talia
1097 1715 1219 1758 fatur
1238 1731 1246 1759 :
1544 1717 1631 1761 485

194 1785 221 1805 ‘⁶
239 1785 405 1842 Accipe
431 1792 476 1828 et
505 1785 627 1841 haee,
646 1801 863 1828 manuum
885 1786 969 1828 tibi
991 1801 1103 1842 quae
1126 1793 1413 1830 monumenta
1435 1803 1632 1831 mearum

195 1856 221 1877 ‘⁴
243 1857 356 1912 Sint,
382 1871 505 1913 puer,
526 1861 570 1898 et
594 1857 778 1913 longum
799 1857 1137 1900 Andromachae
1159 1863 1384 1901 testentur
1405 1874 1611 1916 amorem,

197 1926 224 1948 ‘⁴
244 1927 451 1983 Cenjligis
475 1927 731 1984 Hectoreae,
757 1942 863 1984 cape
886 1929 1000 1970 dona
1024 1933 1222 1971 extrema
1245 1935 1439 1986 tuorum,

196 1997 223 2019 ‘⁶
242 1997 279 2042 O
305 1998 413 2041 mihi
436 1999 525 2041 sola
546 1998 633 2040 mei
655 2013 784 2056 super
805 1999 1091 2056 Astyanactis
1111 1999 1267 2057 imago.

196 2070 224 2091 ‘⁶
244 2070 314 2114 Sic
339 2070 498 2126 oeulos,
523 2069 584 2113 sic
605 2070 678 2112 ille
700 2085 873 2126 manus,
899 2070 958 2113 sie
982 2086 1056 2114 ora
1077 2071 1261 2128 ferebat,
1541 2072 1632 2116 490

196 2141 224 2163 ‘⁶
242 2142 304 2184 Et
326 2156 442 2184 nune
467 2141 641 2198 aequali
666 2147 813 2185 tecum
835 2143 1092 2199 pubesceret
1114 2145 1262 2186 aevo.''

195 2213 288 2256 Hes
310 2227 389 2270 ego
412 2212 657 2270 digrediens
680 2213 870 2256 lacrimis
893 2212 1061 2256 affabar
1079 2214 1264 2258 obortis:

195 2283 222 2306 ‘⁴
242 2283 393 2326 Vivite
416 2283 575 2340 felices,
601 2283 760 2340 quibus
783 2290 850 2328 est
871 2284 1050 2327 fortuna
1071 2291 1250 2341 peraeta

195 2354 223 2376 ‘⁴
241 2354 273 2397 J
278 2370 349 2396 am
374 2359 479 2399 sua!
516 2354 610 2398 Nes
632 2355 718 2398 alia
740 2370 793 2398 ex
815 2355 911 2398 aliis
933 2356 978 2398 in
1000 2356 1095 2398 sata
1117 2371 1348 2411 vocamur,

196 2426 224 2447 “
243 2426 380 2470 Vobis
403 2431 532 2484 parta
556 2427 702 2483 quies:
738 2428 910 2470 nullum
932 2427 1065 2470 maris
1087 2442 1247 2484 aequor
1268 2429 1498 2486 arandum,
1543 2429 1631 2474 495

196 2496 224 2518 “
242 2497 364 2540 Arva
385 2512 526 2554 neque
548 2498 768 2541 Ausoniae
791 2513 962 2555 semper
984 2499 1184 2541 cedentia
1208 2505 1319 2542 retro

197 2568 223 2590 “
240 2569 526 2624 Quaerenda,
562 2567 751 2627 effigiem
776 2570 951 2619 Xanthi
976 2570 1241 2627 Trojamque
1265 2571 1436 2628 vidctis,
