1731 2923
682 141 914 173 AENEIDos
946 145 1032 175 LIB.
1070 146 1152 176 vn.
1546 138 1631 183 153

200 245 300 290 Tali
319 246 442 291 intus
464 247 631 305 templo
654 248 807 291 divum
829 250 1060 308 patriaque
1085 253 1273 298 Latinus

201 316 310 360 Sede
333 318 485 361 sedens
509 318 701 363 Teucros
724 321 779 363 ad
803 336 893 364 sese
916 322 962 364 in
984 328 1103 366 tecta
1124 325 1309 382 vocavit,

200 388 349 445 Atque
370 390 476 433 haec
499 390 700 447 ingressis
722 392 894 448 placido
917 395 1034 451 prior
1055 396 1193 440 edidit
1215 413 1285 440 ore
1306 412 1315 442 z

200 459 228 479 ‘⁶
248 459 412 516 Dicite,
439 461 888 519 Dardanidae-neque
911 465 1028 507 enim
1050 467 1269 511 nescimus
1292 474 1336 512 et
1360 470 1512 513 urbem
1547 472 1631 515 195

199 528 226 549 ‘⁶
243 530 306 572 Et
328 545 479 587 genus,
505 533 734 589 auditique
757 534 988 578 advertitis
1011 551 1194 593 aequore
1218 553 1430 597 cursum-‚

199 599 227 620 ‘¹
251 601 368 654 Quid
385 602 538 658 petitis
554 605 575 647 Ρ
611 618 723 660 quae
745 620 878 648 causa
901 613 1014 650 rates
1037 614 1116 651 aut
1138 608 1265 666 cujus
1288 617 1465 668 egentes

199 672 374 730 “p-Litus
396 675 452 717 ad
473 675 723 718 Ausonium
746 682 814 720 tot
836 693 913 734 por
932 680 1046 722 vada
1068 682 1243 724 caerula
1265 683 1387 726 vexit
1411 686 1432 728 ‚9

199 743 227 764 ‘²
246 744 344 787 Sive
368 759 504 788 errore
526 746 635 802 viae,
661 761 737 789 seu
758 751 1103 805 tempestatibus
1127 753 1239 795 acti-

199 813 227 835 “
246 815 405 868 Qualia
426 817 569 859 multa
590 818 701 860 mari
723 824 886 862 nautae
908 821 1143 877 patiuntur
1162 823 1209 866 in
1232 825 1351 867 alto-·
1540 827 1630 869 200

198 885 227 906 “
244 885 462 929 Fluminis
484 887 680 931 intrastis
702 889 819 946 ripas
841 897 1057 947 portuque
1080 895 1266 952 sedetis3

198 955 226 976 “
244 956 312 998 Ne
334 956 475 1012 fugite
497 957 752 1014 hospitium,
777 975 885 1003 neve
906 961 1103 1018 ignorate
1126 964 1309 1009 Latinos

197 1025 421 1069 “Saturni
442 1033 635 1084 gentem,
659 1029 780 1072 haud
801 1031 945 1074 vinclo
967 1047 1044 1075 nec
1068 1034 1239 1091 legibus
1261 1051 1462 1094 aequam,

196 1096 223 1116 “
243 1096 409 1153 Sponte
433 1113 512 1141 sua
532 1100 775 1157 veterisque
799 1102 868 1144 dei
890 1117 934 1145 se
957 1118 1073 1147 more
1096 1110 1336 1152 tenentem.

197 1165 391 1223 “Atque
415 1168 617 1225 equidem
639 1171 961 1216 memini-fama
983 1179 1050 1217 est
1073 1176 1294 1220 obscurior
1315 1179 1462 1223 annis·
1540 1181 1629 1225 205

197 1237 224 1257 ‘⁶
240 1237 474 1282 Auruncos
496 1240 561 1282 ita
583 1240 692 1284 ferre
716 1257 852 1299 senes,
876 1244 944 1287 his
968 1251 1088 1288 ortus
1109 1253 1161 1290 ut
1183 1249 1297 1304 agris

196 1306 223 1329 “
248 1308 485 1354 Dardanus
508 1312 666 1356 Idaeas
689 1312 907 1372 Phrygiae
928 1318 1169 1373 penetrarit
1191 1320 1248 1362 ad
1270 1321 1398 1363 urbes

196 1378 578 1439 “Threiciamque
604 1385 781 1440 Samon,
807 1401 919 1442 quae
942 1402 1058 1431 nunc
1084 1389 1385 1434 Samothracia
1406 1392 1554 1436 fertur.

195 1450 222 1470 ‘⁴
242 1451 358 1494 Hinc
381 1452 522 1509 11111111,
548 1455 729 1511 Corythi
752 1456 977 1512 Tyrrhena
999 1459 1055 1501 ab
1078 1461 1176 1502 sede
1198 1462 1459 1518 profectum,

196 1521 223 1542 ‘⁴
242 1522 389 1565 Aurea
412 1539 527 1567 1111110
551 1526 654 1568 30110
677 1527 896 1570 stellantis
918 1529 1035 1585 regia
1058 1530 1164 1572 00011
1538 1535 1627 1576 210

195 1591 223 1612 “
238 1592 428 1650 Accipit,
454 1601 498 1637 et
520 1610 753 1640 numerum
775 1598 974 1641 divorum
995 1601 1206 1644 altaribus
1229 1603 1381 1646 addit?

194 1662 391 1719 Dixerat,
416 1670 460 1707 et
482 1665 601 1709 dicta
623 1667 816 1710 Ilioneus
838 1668 899 1711 sic
922 1684 1023 1712 voce
1047 1676 1222 1714 secutus
1241 1687 1250 1716 z

194 1732 222 1753 “
240 1733 350 1789 Reiz,
375 1750 512 1791 genus
535 1737 756 1794 egregium
777 1738 936 1795 Fauni,
961 1755 1040 1783 nec
1062 1741 1271 1785 fiuctibus
1295 1749 1416 1786 actos

194 1803 224 1824 ‘⁶
243 1804 358 1847 Atra
381 1806 554 1863 subegit
576 1807 716 1851 hiems
739 1809 893 1852 Vestris
916 1813 1140 1854 succedere
1164 1813 1302 1869 terris,

193 1873 220 1895 “
236 1875 330 1918 Nec
355 1876 474 1919 sidus
497 1877 669 1935 regione
690 1879 785 1922 viae
807 1879 969 1923 litusve
990 1881 1148 1925 fefellit
1166 1897 1176 1937 3
1532 1886 1621 1930 215

193 1945 222 1968 “
239 1946 428 1991 Consilio
450 1948 563 1991 hanc
586 1964 734 1993 omnes
755 1950 1001 2007 animisque
1024 1954 1270 1997 volentibus
1294 1955 1445 1998 urbem

192 2015 221 2038 ‘⁶
236 2016 490 2074 Afferimur‚
515 2019 633 2075 pulsi
655 2021 812 2077 regnis,
837 2035 948 2077 quae
970 2023 1166 2066 maxima
1189 2026 1411 2080 quondam

193 2086 220 2107 ‘⁴
235 2087 445 2131 Extremo
467 2090 645 2133 veniens
670 2091 742 2134 sol
764 2091 1036 2148 adspiciebat
1060 2094 1261 2152 Olympo.

194 2157 222 2177 ‘⁶
239 2157 312 2200 Ab
334 2157 444 2200 Jove
467 2159 732 2216 principium
753 2163 945 2218 generis:
980 2164 1091 2207 Jove
1115 2165 1323 2208 Dardana
1345 2168 1483 2223 pubes

193 2227 220 2248 ‘'‘
237 2227 413 2270 Gaudet
437 2242 544 2284 avo;
578 2244 655 2272 rex
674 2231 766 2287 ipse
788 2232 820 2274 J
823 2233 913 2275 ovis
935 2234 987 2276 de
1009 2240 1139 2291 gente
1163 2250 1381 2292 suprema,
1534 2238 1622 2279 220

194 2298 221 2318 “
243 2298 398 2341 Troius
423 2299 609 2354 Aeneas,
635 2306 714 2342 tua
736 2316 813 2344 nos
836 2303 892 2345 ad
913 2303 1065 2346 limina
1088 2305 1228 2348 misit.

194 2368 220 2388 “
242 2369 420 2421 Quanta
442 2384 518 2425 per
538 2369 694 2413 Idaeos
717 2371 853 2414 saevis
875 2372 1014 2415 effusa
1036 2374 1233 2429 Mycenis

194 2439 222 2460 ‘⁶
239 2439 502 2496 Tempestas
524 2440 624 2483 ierit
648 2456 838 2498 campos,
865 2443 1024 2499 quibus
1047 2450 1174 2488 actus
1197 2451 1382 2502 uterque

194 2510 226 2531 “
241 2509 441 2567 Europae
464 2516 597 2567 atque
615 2511 748 2555 Asiae
768 2512 872 2556 fatis
894 2516 1158 2558 concurrerit
1181 2517 1308 2572 orbis,

210 2579 222 2602 ‘
240 2580 414 2637 Audiit,
438 2582 540 2624 et-si
562 2597 693 2638 quem
717 2584 849 2628 tellus
869 2590 1066 2628 extrema
1091 2587 1230 2630 refuso
1531 2589 1622 2634 225

538 2650 585 2690 7³¹&
