1757 2916
141 142 226 186 196
622 151 853 182 AENmnos
885 151 971 183 LIB.
1006 151 1070 182 1x.

137 261 239 304 Non
260 275 399 317 aequo
422 260 524 303 dare
548 274 592 303 se
615 274 783 317 campo,
807 274 892 302 non
912 259 1039 302 obvia
1060 258 1168 301 ferre

136 335 274 376 Arma
295 334 421 388 viros,
447 334 521 376 sed
545 337 690 375 eastra
712 332 865 375 fovere.
930 330 1031 374 Huc
1056 330 1260 373 turbidus
1283 335 1417 386 atque
1439 329 1524 373 huc

136 404 321 447 Lustrat
344 418 455 459 equo
477 418 636 458 muros,
661 403 920 458 aditumque
942 415 1018 457 per
1040 403 1138 444 avia
1162 402 1346 458 quaerit.

137 477 203 519 Ae
229 476 367 518 veluti
390 476 518 531 pleno
541 475 673 530 lupus
695 474 931 516 insidiatus
953 473 1059 515 ovili

139 549 285 601 Quum
308 547 453 589 fremit
477 547 533 589 ad
555 547 718 600 caulas,
743 549 897 587 ventos
919 558 1150 600 perpessus
1172 550 1218 586 et
1242 544 1415 600 imbres,

139 618 279 660 Nocte
303 632 431 673 super
448 617 618 659 media:
636 642 654 648 -
670 616 761 658 tuti
783 615 864 658 sub
887 615 1104 657 matribus
1128 615 1231 671 agni

140 689 350 730 Bal-atum
373 693 574 730 exercent
591 701 602 742 ;
636 687 710 730 ille
731 701 857 743 asper
879 692 923 729 et
945 687 1171 743 improbus
1193 685 1256 728 ira

140 760 286 803 Saevit
309 759 355 801 in
379 759 607 802 absentes:
644 758 825 801 collecta
846 757 1009 814 fatigat
1032 758 1190 803 edendi

137 831 208 873 Ex
229 831 357 887 longo
380 830 535 886 rabies,
559 835 604 872 et
628 829 766 872 siccae
790 829 999 886 sanguine
1020 829 1167 872 fauces
1183 842 1218 872 :-

137 901 272 943 Haud
294 901 421 944 aliter
443 901 614 944 Rutulo
636 915 781 944 muros
804 905 849 943 et
871 906 1015 944 eastra
1037 900 1185 943 tuenti

138 973 377 1028 Ignescunt
399 972 486 1015 irae
507 987 518 1027 ;
553 972 672 1016 duris
695 973 816 1015 dolor
838 973 1006 1016 ossibus
1028 972 1168 1027 ardet,

139 1044 236 1097 Qua
257 1049 404 1086 tentet
426 1044 596 1086 ratione
618 1043 779 1099 aditus,
805 1049 850 1086 et
873 1058 985 1100 quae
1007 1044 1079 1086 via
1102 1043 1271 1086 clausos

138 1115 352 1157 Excutiat
376 1115 567 1158 Teucros
589 1115 705 1157 vallo
727 1120 861 1170 atque
885 1113 1083 1157 effundat
1106 1114 1153 1156 in
1174 1128 1376 1169 aequum.

140 1185 348 1240 Classem,
373 1199 486 1241 quae
508 1184 640 1227 lateri
663 1190 908 1227 castrorum
932 1184 1142 1240 adjuncta
1163 1185 1349 1240 latebat,

139 1255 385 1312 Aggeribus
409 1260 581 1311 septam
604 1255 770 1298 circum
793 1260 838 1297 et
859 1254 1111 1297 fluvialibus
1132 1254 1276 1309 undis,

139 1327 332 1382 Invadit,
357 1327 577 1382 sociosque
599 1327 801 1369 incendia
823 1326 963 1382 poscit
987 1330 1182 1381 ovantes,

139 1398 291 1453 Atque
315 1413 495 1440 manum
519 1399 629 1454 pinu
650 1397 856 1454 flagranti
877 1397 1069 1439 fervidus
1091 1397 1260 1453 implet.

141 1469 259 1511 Tum
280 1483 379 1511 vero
402 1469 693 1512 incumbunt:
729 1473 856 1525 urget
879 1467 1130 1525 praesentia
1156 1467 1297 1510 Turni
1317 1482 1328 1522 3

140 1541 290 1596 Atque
312 1540 451 1582 omnis
473 1540 641 1583 facibus
663 1540 802 1596 pubes
825 1539 1069 1595 aecingitur
1090 1539 1209 1583 atris.

99 1657 109 1662 ἱ
140 1611 373 1668 Diripuere
395 1612 510 1655 focos
530 1625 541 1666 3
579 1611 754 1668 piceum
775 1611 860 1654 fert
883 1611 1055 1654 fumida
1076 1611 1226 1653 lumen

141 1684 306 1740 Taeda,
331 1689 375 1726 et
398 1683 684 1726 commixtam
708 1684 938 1727 Vulcanus
960 1683 1018 1726 ad
1039 1688 1159 1726 astra
1179 1683 1389 1726 favillam.

232 1755 339 1808 Quis
361 1755 482 1810 deus,
508 1769 532 1797 o
555 1754 722 1810 Musae,
747 1759 844 1797 tam
867 1769 994 1798 saeva
1015 1753 1218 1796 incendia
1241 1752 1423 1796 Teucris

141 1826 320 1870 Avertit
337 1827 359 1869 Ρ
395 1831 545 1868 tantos
567 1825 738 1869 ratibus
761 1826 859 1882 quis
881 1826 1052 1882 depulit
1074 1825 1198 1882 ignes
1214 1827 1235 1868 Ρ
1263 1866 1267 1869 .

143 1896 288 1938 Dicite
310 1900 319 1940 1
386 1895 537 1938 Prisca
557 1896 666 1938 fides
688 1895 822 1950 facto,
848 1896 922 1938 sed
944 1896 1061 1937 fama
1083 1895 1298 1951 perennis.

143 1967 356 2023 Tempore
379 1980 465 2020 quo
489 1966 681 2022 primum
705 1966 898 2022 Phrygia
919 1966 1137 2009 formabat
1157 1966 1205 2008 in
1228 1966 1311 2009 Ida

143 2040 316 2080 Aeneas
339 2037 522 2079 classem
544 2041 588 2078 et
611 2036 755 2092 pelagi
777 2042 924 2092 petere
947 2037 1040 2079 alta
1062 2037 1261 2093 parabat,

143 2109 247 2164 Ipsa
269 2108 402 2150 deum
424 2106 561 2149 fertur
582 2108 779 2163 genetrix
805 2108 1068 2164 Berecyntia
1090 2123 1303 2165 magnum

143 2180 337 2222 Vocibus
360 2179 428 2221 his
450 2178 587 2220 affata
607 2178 765 2221 Jovem
785 2194 793 2222 :
832 2179 859 2199 ‘³
879 2179 963 2234 Da,
988 2185 1106 2235 nate,
1131 2179 1313 2236 petenti.

146 2251 171 2272 “
191 2252 316 2305 Quod
340 2256 420 2293 tua
443 2265 542 2293 cara
565 2265 719 2306 parens
742 2251 907 2293 domito
931 2256 977 2293 te
1000 2251 1139 2308 poscit
1163 2250 1361 2308 Olympo,

143 2321 170 2344 “
193 2322 328 2364 Pinea
351 2321 459 2364 silva
480 2320 603 2375 mihi,
628 2321 791 2362 multos
814 2321 975 2364 dilecta
997 2336 1073 2378 per
1094 2335 1255 2375 annos;

144 2392 334 2434 “Lucus
356 2391 402 2434 in
425 2405 521 2434 aree
543 2390 629 2433 fuit
654 2405 840 2446 summa,
865 2406 951 2447 quo
974 2407 1097 2434 sacra
1118 2391 1331 2447 ferebant,

145 2463 170 2484 ‘⁴
190 2463 230 2506 N
238 2463 399 2519 igranti
422 2462 546 2518 picea
568 2462 852 2517 trabibusque
876 2463 1084 2505 obscurus
1105 2463 1298 2507 acernis:

145 2533 282 2577 “Has
305 2548 384 2590 ego
409 2532 632 2576 Dardanio
649 2532 817 2589 jumni,
843 2547 982 2588 quum
1005 2533 1155 2576 classis
1177 2538 1339 2591 egeret,

146 2604 171 2626 ‘⁶
191 2604 330 2648 Laeta
351 2605 451 2648 dedi
471 2619 481 2660 3
517 2618 633 2647 nune
657 2604 892 2647 sollicitam
915 2605 1047 2647 timor
1068 2605 1228 2648 anxius
1249 2604 1387 2662 angit.

1513 543 1569 587 60

1514 899 1570 943 65

1513 1607 1572 1654 75

1514 1966 1573 2010 80
