1757 2916
173 128 260 171 292
500 127 503 130 ’
657 137 884 167 mammos
917 137 1003 165 ΜΒ.
1041 135 1119 164 xu.

521 196 539 214 0

175 247 202 268 “
221 247 324 290 Neu
346 247 443 303 quis
466 247 520 289 ob
543 247 773 301 inceptum
796 244 994 286 subitum
1018 242 1127 284 mihi
1151 241 1318 298 segnior
1339 239 1403 282 ito

175 317 203 338 “
225 318 392 361 Urbem
414 317 554 373 hodie,
579 330 758 359 causam
779 314 898 368 belli,
923 328 1057 369 regna
1079 313 1175 369 ipsa
1197 312 1362 368 Latini,

175 389 201 410 ‘⁴
222 389 282 431 Ni
303 389 476 432 frenum
500 388 696 444 accipere
719 391 765 428 et
787 385 895 427 victi
917 399 1067 441 parere
1090 385 1302 439 fatentur,

175 460 201 480 “
220 460 401 514 Eruam,
428 465 471 502 et
495 473 634 515 aequa
659 458 745 500 solo
768 455 988 498 fumantia
1010 456 1203 498 culmina
1225 470 1399 512 ponam.

176 530 201 550 ‘⁴
223 529 400 573 Scilicet
423 534 687 585 exspectem,
711 527 848 569 libeat
870 527 978 569 dum
1000 526 1163 582 proelia
1186 526 1335 568 Turno
1519 523 1604 568 570

176 600 202 621 ‘⁸'
221 600 382 643 Nostra
405 600 514 656 pati,
539 613 774 654 rursusque
798 597 904 640 velit
927 612 1175 640 concurrere
1199 597 1344 640 victus
1365 599 1386 640 Ρ

176 671 201 691 “
221 671 316 713 Hoc
341 676 491 727 caput,
518 685 542 713 o
563 670 693 725 cives,
720 669 827 712 haec
849 668 955 711 belli
978 683 1150 710 summa
1172 668 1358 711 nefandi.

177 742 203 763 “
222 743 351 785 Ferte
373 742 490 785 faces
513 735 706 798 propere,
730 741 969 796 foedusque
994 739 1206 796 reposcite
1229 738 1418 781 fiammis
1436 742 1445 782 1
1463 738 1487 757 '³

176 814 375 869 Dixerat,
400 819 534 869 atque
557 812 716 855 animis
740 812 904 868 pariter
922 811 1196 854 certantibus
1219 824 1369 853 omnes

176 884 298 926 Dant
322 897 528 940 cuneum,
553 884 775 938 densaque
798 882 855 924 ad
879 896 1025 924 muros
1048 881 1160 923 mole
1182 870 1395 923 feruntur.
1521 877 1610 923 575

177 956 329 1000 Scalae
351 954 600 1011 improviso,
625 954 888 1009 subitusque
913 952 1121 1009 apparuit
1145 951 1270 1008 ignis.

176 1026 443 1069 Discurrunt
467 1025 542 1068 alii
564 1026 620 1068 ad
642 1030 805 1081 portas,
830 1023 1080 1080 primosque
1103 1022 1335 1065 trucidant
1356 1036 1367 1076 ;

175 1098 360 1140 Ferrum
383 1095 459 1139 alii
481 1101 687 1151 torquent
710 1100 754 1137 et
778 1095 1044 1137 obumbrant
1066 1093 1243 1136 aethera
1266 1093 1378 1136 telis.

178 1168 281 1224 Ipse
303 1167 421 1209 inter
442 1166 605 1223 primos
628 1166 830 1207 dextram
855 1164 936 1207 snb
958 1163 1131 1206 moenia
1155 1163 1300 1206 tendit

177 1239 363 1294 Aeneas,
386 1251 635 1293 magnaque
657 1236 832 1278 incusat
854 1250 957 1277 voce
979 1235 1205 1290 Latinum,
1522 1234 1610 1277 580

172 1304 477 1364 Testatur-que
499 1308 615 1362 deos,
639 1307 801 1349 iterum
825 1320 868 1348 se
892 1306 947 1347 ad
971 1305 1134 1361 proelia
1156 1306 1265 1362 cogi,

181 1380 256 1423 Bis
273 1380 368 1435 jam
391 1379 528 1422 Italos
549 1379 711 1432 hostes,
735 1377 841 1419 haec
858 1376 954 1432 jam
978 1377 1118 1418 altera
1138 1377 1309 1419 foedera
1332 1376 1488 1433 rumpi.

179 1451 388 1493 Exoritur
409 1449 600 1505 trepidos
623 1448 739 1490 inter
760 1447 977 1490 discordia
999 1447 1137 1491 cives:

180 1521 348 1564 Urbem
371 1520 447 1563 alii
471 1533 659 1562 reserare
676 1519 835 1575 jubent
859 1523 903 1560 et
927 1518 1118 1575 pandere
1141 1523 1291 1575 portas

179 1591 459 1646 Dardanidis,
483 1591 718 1647 ipsumque
742 1589 927 1632 trahunt
949 1589 996 1631 in
1017 1589 1190 1632 moenia
1212 1604 1357 1646 regem
1374 1603 1386 1644 3
1527 1591 1615 1635 585

179 1663 316 1706 Arma
337 1662 483 1704 ferunt
506 1661 582 1704 alii
605 1666 650 1703 et
670 1665 861 1717 pergunt
885 1659 1115 1702 defendere
1139 1675 1310 1704 muros:

179 1734 379 1777 Inclusas
402 1738 453 1776 ut
476 1747 616 1788 quum
638 1732 853 1775 latebroso
876 1731 923 1773 in
944 1731 1120 1788 pumice
1143 1736 1293 1788 pastor

179 1804 430 1862 Vestigavit
453 1819 571 1860 apes,
594 1803 804 1859 fumoque
826 1803 1027 1859 implevit
1049 1817 1197 1845 amaro
1218 1816 1229 1856 ;

181 1876 291 1918 Illae
306 1875 429 1917 intus
453 1874 648 1930 trepidae
671 1888 815 1916 rerum
837 1887 916 1929 per
938 1887 1060 1914 cerea
1084 1878 1226 1914 castra

181 1946 465 1999 Discurrunt,
491 1943 748 2000 magnisque
771 1947 938 1984 acuunt
962 1942 1220 1985 stridoribus
1242 1943 1356 1996 iras3
1527 1943 1616 1987 590
1636 1966 1639 1968 -

182 2016 222 2058 V
227 2015 389 2058 olvitur
411 2021 505 2057 ater
527 2015 629 2057 odor
651 2014 780 2056 tectis
801 2027 812 2068 ;
848 2019 947 2056 tlun
970 2028 1192 2055 murmure
1216 2028 1342 2056 caeco

185 2087 315 2128 Intus
339 2100 443 2128 saxa
466 2090 636 2139 sonant,
660 2099 821 2126 vacuas
845 2084 881 2126 it
904 2084 1050 2125 fumus
1074 2085 1129 2126 ad
1153 2098 1292 2127 ituras.

271 2156 450 2200 Accidit
473 2157 580 2198 haec
603 2155 725 2198 fessis
748 2155 884 2197 etiam
907 2155 1083 2198 fortuna
1106 2154 1293 2212 Latinis,

184 2230 304 2282 Quae
328 2232 471 2271 totam
492 2228 618 2269 luctu
641 2226 858 2269 concussit
880 2226 1083 2269 funditus
1107 2227 1273 2271 urbem.

184 2300 353 2356 Regina
375 2306 427 2341 ut
450 2298 582 2341 tectis
604 2297 852 2340 venientem
876 2297 1086 2353 prospicit
1109 2297 1296 2352 hostem,
1527 2297 1616 2342 595

183 2370 349 2413 Incessi
370 2384 530 2425 muros,
555 2369 676 2425 ignes
698 2368 753 2410 ad
776 2373 896 2410 tecta
919 2368 1075 2423 volare,

186 2441 417 2497 Nusquam
440 2441 554 2483 acies
578 2444 728 2501 contra
751 2439 958 2494 Rutulas,
986 2439 1106 2480 nulla
1128 2438 1306 2495 agmina
1330 2438 1468 2480 Turni
1490 2452 1500 2493 ;

186 2512 347 2555 Infelix
369 2526 541 2569 pugnae
559 2511 764 2567 juvenem
789 2510 833 2551 in
856 2510 1092 2552 certamine
1116 2510 1256 2552 credit

186 2584 490 2639 Exstinctum,
515 2588 573 2638 ct,
599 2581 743 2625 subito
766 2586 959 2623 mentem
985 2582 1165 2623 turbata
1188 2581 1347 2636 dolore,
