1731 2923
613 161 845 192 AENEIDos
875 162 963 193 ΜΒ.
997 161 1045 193 11.
1490 152 1549 196 29

121 273 147 296 “
166 272 402 316 Gessimus.
469 271 645 315 Invidia
667 276 904 328 postquam
926 270 1102 327 pellacis
1127 269 1275 314 Ulixi-
1495 271 1552 314 90

119 343 146 365 ‘⁶
164 343 301 386 Haud
323 343 474 400 ignota
494 341 834 398 loquor-superis
856 341 1071 384 concessit
1094 342 1149 384 ab
1174 342 1258 384 oris
1275 355 1286 396 3

119 415 145 436 ‘⁴
163 414 370 458 Afflictus
392 414 532 456 vitam
557 414 602 455 in
626 413 813 456 tenebris
835 414 1048 468 luctuque
1072 413 1319 469 trahebam,

119 485 145 506 ‘⁶
164 485 225 527 Et
248 499 397 544 casum
420 484 606 531 insontis
627 498 802 526 mecum
824 483 1084 539 indignabar
1106 483 1249 526 amici.

119 556 145 576 ‘⁴
164 555 257 598 Nec
279 554 401 597 tacui
422 555 614 610 demens7
639 560 683 597 et
706 569 789 610 me,
813 554 899 597 fors
922 553 959 596 si
981 569 1069 610 qua
1092 554 1280 610 tulisset,

118 626 146 647 ⁴⁶
168 626 213 669 Si
236 625 402 682 patrios
424 640 636 682 umquam
660 639 920 667 remeassem
943 625 1083 668 victor
1104 626 1162 668 ad
1184 625 1339 682 Argos,
1498 627 1554 669 95

119 696 145 717 ‘⁵
168 696 357 739 Promisi
378 696 582 751 ultorem,
607 701 651 738 et
673 696 814 738 verbis
837 696 936 739 odia
958 711 1110 753 aspera
1132 697 1260 740 movi.

63 787 68 792 ·
119 768 146 788 ‘⁴
165 768 283 810 Hinc
305 767 416 810 mihi
437 767 578 824 prima
599 766 706 809 mali
727 767 847 809 labes
866 781 877 822 ;
911 767 1013 810 hinc
1039 783 1208 825 semper
1231 768 1389 811 Ulixes

119 839 147 860 ‘⁴
164 839 430 883 Criminibus
452 844 611 881 terrere
634 838 768 894 novis,
792 838 894 881 11100
919 854 1118 896 spargere
1140 854 1267 882 Voces

119 910 146 932 ‘⁴
164 910 220 953 In
241 911 427 967 vulgum
449 909 694 965 ambiguas,
719 914 763 951 et
786 923 994 964 quaerere
1017 910 1214 952 conscius
1237 924 1370 954 arma.

118 981 146 1002 ‘⁴
164 981 208 1024 N
212 995 259 1023 ec
283 980 496 1036 requievit
518 979 650 1035 enim,
674 979 810 1022 donec
835 979 1078 1022 Calchante
1100 980 1341 1025 ministro...
1470 982 1555 1024 100

118 1052 146 1074 “
167 1053 252 1097 Sed
275 1052 382 1108 quid
405 1066 483 1109 ego
504 1051 610 1094 haec
635 1056 787 1093 autem
809 1051 1109 1107 nequidquam
1132 1051 1306 1108 ingrata
1328 1053 1496 1094 revolvo
1512 1054 1533 1096 ,9

118 1122 146 1144 “
167 1123 337 1177 Quidve
360 1138 515 1179 moror,
541 1123 577 1166 si
598 1137 749 1165 omnes
771 1137 859 1165 uno
882 1123 1028 1165 ordine
1051 1123 1223 1165 habetis
1247 1123 1451 1178 Achivos,

118 1193 145 1214 ‘⁴
164 1193 305 1250 quue
328 1193 479 1236 audire
502 1198 570 1236 sat
595 1198 661 1236 est
685 1194 706 1236 Ρ
742 1193 1019 1236 <Iamdudum
1044 1193 1205 1236 sumite
1228 1208 1390 1250 poenas
1410 1207 1421 1238 ε

118 1264 145 1286 “
163 1264 259 1307 Ηο0
282 1265 467 1308 Ithacus
489 1264 609 1320 velit,
634 1271 678 1307 et
702 1279 861 1322 magno
885 1270 1135 1307 mercentur
1157 1264 1385 1308 Atridae.⁷’

118 1336 237 1378 Tum
258 1351 357 1379 vero
380 1337 582 1379 ardemus
606 1336 754 1379 scitari
776 1341 820 1378 ct
844 1350 1048 1392 quaerere
1071 1351 1237 1392 causas,
1471 1336 1557 1380 105

118 1408 266 1464 Ignari
288 1408 500 1451 scelerum
521 1412 745 1450 tantorum
772 1407 964 1464 artisque
988 1407 1211 1464 Pelasgae.

119 1479 406 1535 Prosequitur
426 1479 645 1535 pavitans,
670 1484 714 1521 et
737 1479 840 1521 ficto
863 1484 1037 1535 pectore
1060 1479 1182 1521 fatur
1201 1494 1210 1522 :

119 1551 145 1571 “
167 1551 305 1607 Saepe
326 1551 481 1605 fugam
505 1551 653 1593 Danai
677 1550 805 1606 Troja
828 1550 1003 1606 cupiere
1026 1551 1183 1593 relicta

119 1621 146 1642 “
166 1621 313 1664 Moliri
336 1626 380 1663 et
401 1621 529 1677 longo
551 1620 653 1663 fessi
674 1620 891 1663 discedere
912 1621 1027 1662 bello
1043 1635 1054 1675 ;

119 1692 145 1713 ‘⁶
164 1692 481 1748 Fecissentque
504 1691 676 1734 utinam
698 1695 706 1735 !
745 1691 884 1747 Saepe
905 1690 1002 1733 illos
1025 1706 1178 1748 aspera
1200 1691 1328 1748 ponti
1468 1692 1556 1735 110

119 1763 146 1784 “
165 1762 422 1806 Interclusit
444 1763 598 1818 hiems,
623 1767 667 1804 et
691 1762 849 1804 terruit
872 1761 1039 1805 Auster
1063 1768 1221 1805 euntes
1239 1777 1250 1817 3

118 1834 144 1854 ‘⁶
162 1833 418 1891 Praecipue,
444 1847 583 1889 quum
599 1832 695 1889 jam
716 1832 786 1876 hic
809 1833 1012 1876 trabibus
1035 1839 1273 1876 contextus
1296 1833 1463 1877 acernis

117 1904 144 1925 ‘⁴
162 1905 310 1949 Staret
332 1919 484 1961 equus,
508 1909 602 1947 toto
626 1909 865 1947 sonuerunt
887 1905 1062 1947 aethere
1084 1904 1236 1948 nimbi.

70 1976 74 1979 ’
118 1976 145 1997 “
163 1976 373 2033 Suspensi
394 1976 675 2033 Eurypylum
699 1975 936 2018 scitantem
957 1976 1133 2019 oracula
1156 1956 1324 2019 Phoebi

117 2047 146 2068 ‘⁶
165 2047 421 2102 Mittimus;
455 2046 578 2103 isque
600 2046 745 2103 adytis
767 2046 873 2089 haec
896 2046 1042 2090 tristia
1064 2047 1184 2090 dicta
1206 2052 1400 2104 reportat
1421 2060 1431 2091 :
1469 2048 1554 2091 115

118 2118 144 2140 “
166 2118 177 2139 ‘
195 2117 418 2174 Sanguine
442 2118 650 2174 placastis
672 2123 827 2160 ventos
844 2122 889 2160 et
910 2117 1077 2174 virgine
1100 2132 1248 2173 caesa,

118 2189 144 2209 “
166 2188 176 2209 ‘
195 2189 344 2242 Quum
365 2188 560 2243 primum
582 2187 742 2230 Iliacas
765 2187 912 2230 Danai
933 2187 1113 2230 venistis
1135 2188 1192 2230 ad
1214 2202 1334 2230 oras:

119 2260 144 2281 ‘⁴
166 2260 176 2281 ‘
194 2259 413 2316 Sanguine
437 2258 677 2315 quaerendi
698 2258 880 2314 reditus,
905 2259 1140 2314 animaque
1161 2258 1387 2300 litandum

119 2331 145 2351 ‘⁶
167 2329 427 2387 ‘Argolica'
492 2329 633 2385 Vulgi
655 2343 767 2384 quae
789 2343 875 2371 vox
895 2333 948 2370 ut
971 2329 1093 2370 venit
1116 2329 1174 2370 ad
1195 2343 1321 2371 aures
1337 2343 1348 2383 ;

119 2401 145 2422 ‘⁶
165 2402 444 2457 Obstupuere
466 2400 599 2442 animi
605 2434 616 2455 ,
640 2399 896 2456 gelidusque
917 2413 995 2455 per
1016 2399 1105 2441 ima
1127 2400 1320 2441 cucurrit
1463 2400 1552 2443 120

121 2472 146 2492 ‘⁶'
163 2472 272 2525 Ossa
294 2477 469 2527 tremor,
494 2470 567 2513 cui
587 2471 681 2512 fata
703 2472 879 2527 parent5
899 2484 1031 2526 quem
1053 2475 1205 2526 poscat
1227 2470 1398 2526 Apollo.

121 2544 146 2565 ‘⁴
165 2544 252 2587 Hic
274 2544 460 2586 Ithacus
481 2548 629 2585 vatem
650 2556 810 2598 magno
835 2541 1079 2585 Calchanta
1102 2542 1304 2584 tumultu

121 2614 149 2637 “
169 2614 395 2658 Protrahit
416 2613 464 2657 in
483 2614 674 2668 meclios;
710 2627 823 2670 quae
847 2613 936 2656 sint
960 2627 1010 2656 ea
1032 2612 1216 2655 numina
1241 2613 1407 2669 divum,
