1741 2902
657 134 884 164 AENfflDos
917 135 1001 165 ΜΒ,
1041 134 1120 165 ΧΠ.
1518 125 1604 167 299

177 244 205 266 “
226 244 434 301 Trojanos
458 243 657 301 potuisti,
677 243 909 285 infandum
931 242 1164 284 accendere
1186 242 1366 297 bellum,

178 317 204 338 “
225 317 480 359 Deformare
504 316 698 369 domum,
723 320 767 356 et
790 314 917 356 luctu
939 313 1118 355 miscere
1140 313 1402 368 hymenaeos
1420 327 1430 367 ;
1517 314 1605 356 805

178 387 205 409 ‘⁴
225 387 423 430 Ulterius
446 392 616 429 tentare
639 387 779 429 Veto.'’
845 385 914 428 Sic
935 384 1118 441 Jupiter
1139 399 1258 426 orsus
1276 398 1286 438 ;

179 459 248 501 Sic
272 459 352 500 dea
376 457 589 500 submisso
613 462 764 499 contra
789 456 994 499 Saturnia
1017 455 1174 498 vultu:

178 527 206 548 “
226 528 320 570 Ista
342 527 520 583 quidem
543 526 647 582 quia
669 531 774 568 nota
795 525 904 567 mihi
926 531 1018 579 tua,
1042 539 1215 581 magne,
1239 524 1457 580 voluntas,

179 598 204 620 “
222 598 415 655 Jupiter,
450 604 494 641 et
533 598 734 640 Turnum
757 603 800 639 et
823 602 958 639 terras
981 596 1124 638 invita
1147 596 1302 652 reliqui
1322 611 1333 650 ;

180 669 206 690 ‘⁶
222 669 315 713 Nec
339 675 390 712 tu
412 684 481 712 me
503 669 622 712 aeria
644 669 779 712 solam
800 683 917 711 nunc
940 668 1040 710 sede
1061 667 1227 710 videres
1522 669 1609 710 810

179 741 206 761 “
226 741 374 798 Digna
395 741 576 797 indigna
598 740 706 797 pati,
732 740 807 783 sed
827 739 1016 782 flammis
1039 739 1185 782 cincta
1209 739 1289 782 sub
1312 739 1454 795 ipsam

180 812 207 833 ‘⁴
229 813 401 856 Starem
424 811 563 854 aciem
585 812 889 867 traheremque
913 809 1091 852 inimica
1112 811 1159 853 in
1181 811 1345 866 proelia
1370 810 1574 853 Teucros.

180 884 207 904 ‘⁶
224 883 472 926 Juturnam
494 882 663 937 misero,
686 881 838 936 fateor,
863 895 1108 924 succurrere
1129 880 1254 924 fratri

181 955 208 975 “
226 954 366 1010 euasi,
392 959 437 996 et
460 969 535 1009 pro
557 953 651 995 vita
672 951 838 1008 majora
861 953 1021 994 audere
1043 952 1221 1008 probavi
1237 967 1249 1006 3

180 1026 208 1047 ‘⁶
225 1026 328 1068 Non
350 1030 402 1068 ut
424 1025 515 1068 tela
537 1029 701 1079 tamen,
725 1038 812 1065 non
836 1028 888 1065 ut
909 1023 1191 1065 contenderet
1215 1038 1393 1067 arcum:
1519 1024 1608 1067 815

181 1096 209 1118 ‘⁴
228 1096 397 1153 Adjuro
415 1095 566 1153 'Stygii
588 1100 725 1152 caput
746 1093 1028 1151 implacabile
1049 1094 1197 1149 fontis,

182 1167 211 1189 “
229 1167 334 1211 Una
357 1166 612 1223 superstitio
635 1165 803 1222 superis
826 1178 938 1221 quae
962 1164 1135 1207 reddita
1156 1164 1278 1208 divis.

180 1238 209 1259 ‘⁶
223 1239 286 1281 Et
308 1253 426 1281 nunc
449 1237 553 1280 cedo
575 1236 795 1293 equidem,
821 1249 1080 1292 pugnasque
1103 1249 1233 1278 exosa
1255 1234 1453 1292 relinquo
1469 1248 1480 1290 ;

182 1309 211 1330 ‘⁴
229 1310 349 1356 Illud
372 1314 430 1364 te,
455 1308 578 1350 nulla
599 1307 682 1350 fati
705 1306 823 1363 quod.
844 1306 939 1363 lege
961 1310 1155 1361 tenetur,

183 1380 210 1401 “
235 1381 319 1423 Pro
341 1379 472 1423 Latio
493 1379 701 1434 obtestor,
725 1393 803 1435 pro
825 1377 1057 1433 majestate
1080 1383 1286 1422 tuorum:
1523 1377 1612 1420 820

183 1450 210 1471 “
229 1450 376 1503 Quum
392 1449 488 1506 jam
509 1448 735 1492 connubiis
756 1462 912 1504 pacem
932 1447 1133 1491 felicibus
1148 1453 1300 1491 —esto-

184 1519 211 1540 “
229 1519 520 1576 Component,
545 1532 648 1560 cum
664 1517 759 1574 jam
779 1518 896 1574 leges
919 1522 964 1559 et
985 1517 1160 1559 foedera
1176 1517 1367 1574 jungent
1388 1531 1399 1572 3

184 1592 210 1611 ‘⁶
228 1591 297 1633 Ne
319 1595 447 1633 Vetus
469 1590 695 1646 indigenas
717 1604 875 1632 nomen
897 1594 1069 1631 mutare
1092 1588 1292 1644 Latinos,

184 1663 211 1684 ‘⁴
229 1663 272 1705 N
276 1678 330 1705 eu
353 1662 486 1705 Troas
507 1662 599 1704 fieri
614 1660 770 1717 jubeas
793 1661 1068 1716 Teucrosque
1091 1660 1246 1716 vocari,

185 1734 212 1754 ‘⁴
231 1734 330 1776 Aut
352 1748 503 1776 vocem
524 1736 698 1774 mutare
721 1731 849 1786 viros,
874 1736 954 1773 aut
975 1735 1142 1773 Vertere
1163 1735 1345 1773 Vestem.
1521 1730 1610 1773 825

186 1805 212 1825 ‘⁶
233 1805 301 1849 Sit
323 1804 520 1858 Latium,
545 1802 633 1845 sint
657 1801 822 1844 Albani
843 1815 920 1858 per
942 1801 1117 1844 saecula
1139 1815 1275 1856 reges,

186 1875 213 1896 “
233 1875 301 1919 Sit
325 1874 525 1916 Romana
546 1878 702 1929 potens
725 1872 842 1914 Itala
863 1871 1028 1913 virtute
1051 1885 1242 1927 propago
1259 1885 1270 1925 ;

186 1945 214 1966 ‘⁶
233 1945 420 2000 Occidit,
445 1943 735 1999 occideritque
758 1942 874 1985 sinas
897 1957 1000 1985 cum
1021 1942 1195 1984 nomine
1220 1941 1392 1998 Troja.”

186 2016 275 2060 Olli
296 2016 522 2060 subridens
543 2015 772 2058 hominum
793 2028 1023 2070 rerumque
1046 2018 1261 2070 repertor:

187 2087 214 2108 ‘⁴
233 2087 295 2129 Es
317 2102 524 2144 germana
545 2086 576 2129 J
580 2086 670 2129 ovis
695 2085 959 2141 Saturnique
982 2085 1120 2127 altera
1142 2085 1307 2141 proles:
1525 2085 1613 2126 830

189 2157 216 2177 “
234 2157 408 2199 Irarum
431 2162 578 2199 tantos
599 2157 735 2199 volvis
758 2156 839 2199 sub
862 2162 1034 2212 pectore
1059 2156 1260 2199 fluctus?

190 2227 217 2248 ‘⁴
238 2226 405 2269 Verum
426 2241 505 2283 age
527 2232 571 2269 et
592 2226 819 2282 inceptum
840 2226 1002 2267 frustra
1026 2226 1240 2268 submitte
1262 2225 1457 2267 furorem
1480 2237 1489 2267 :

191 2297 217 2318 ‘⁶
238 2297 321 2353 Do,
347 2298 464 2353 quod
484 2297 562 2352 vis,
587 2302 631 2339 et
653 2311 723 2338 me
747 2297 975 2351 victusque
998 2297 1231 2350 volensque
1254 2294 1442 2337 remitto.

163 2383 169 2389 ·
190 2367 216 2388 “
234 2368 485 2411 Sermonem
511 2367 693 2409 Ausonii
714 2366 909 2422 patrium
931 2379 1157 2420 moresque
1180 2365 1412 2419 tenebunt,

190 2439 217 2459 “
237 2438 390 2494 thue
413 2443 494 2492 est,
519 2452 677 2480 nomen
699 2438 780 2480 erit
794 2451 806 2492 3
841 2437 1067 2480 commixti
1090 2451 1261 2492 corpore
1283 2441 1464 2478 tantum
1519 2436 1615 2479 835

191 2508 218 2530 “
239 2508 478 2552 Subsident
502 2509 670 2552 Teucri.
735 2508 902 2550 Morem
924 2508 1121 2563 ritusque
1145 2521 1365 2549 sacrorum

193 2579 219 2601 ‘⁶
235 2579 472 2636 Adjiciam,
495 2579 742 2635 faciamque
767 2593 913 2621 omnes
937 2593 1023 2621 uno
1048 2593 1117 2620 ore
1141 2577 1333 2621 Latinos.
