<?xml version="1.0" encoding="UTF-8"?>
<!DOCTYPE html PUBLIC "-//W3C//DTD XHTML 1.0 Transitional//EN"
    "http://www.w3.org/TR/xhtml1/DTD/xhtml1-transitional.dtd">
<html xmlns="http://www.w3.org/1999/xhtml" xml:lang="en" lang="en">
 <head>
  <title>
</title>
<meta http-equiv="Content-Type" content="text/html;charset=utf-8" />
  <meta name='ocr-system' content='tesseract 3.04.00' />
  <meta name='ocr-capabilities' content='ocr_page ocr_carea ocr_par ocr_line ocrx_word'/>
</head>
<body>
  <div class='ocr_page' id='page_1' title='image "aeneidfri00virguoft_0294.png"; bbox 0 0 1757 2916; ppageno 0'>
   <div class='ocr_carea' id='block_1_1' title="bbox 187 150 1122 195">
    <p class='ocr_par' dir='ltr' id='par_1_1' title="bbox 187 150 1122 195">
     <span class='ocr_line' id='line_1_1' title="bbox 187 150 1122 195; baseline -0.01 0"><span class='ocrx_word' id='word_1_1' title='bbox 187 150 275 195; x_wconf 84' lang='lat'>268</span> <span class='ocrx_word' id='word_1_2' title='bbox 673 156 905 189; x_wconf 75' lang='lat' dir='ltr'>AENEIDos</span> <span class='ocrx_word' id='word_1_3' title='bbox 939 156 1024 187; x_wconf 86' lang='lat' dir='ltr'><strong>LIB.</strong></span> <span class='ocrx_word' id='word_1_4' title='bbox 1061 156 1122 186; x_wconf 71' lang='grc' dir='ltr'>Χῖ.</span> 
     </span>
    </p>
   </div>
   <div class='ocr_carea' id='block_1_2' title="bbox 189 264 1646 1888">
    <p class='ocr_par' dir='ltr' id='par_1_2' title="bbox 189 264 1315 328">
     <span class='ocr_line' id='line_1_2' title="bbox 189 264 1315 328; baseline -0.01 -13"><span class='ocrx_word' id='word_1_5' title='bbox 189 272 337 328; x_wconf 84' lang='grc' dir='ltr'>Ι5(1110,</span> <span class='ocrx_word' id='word_1_6' title='bbox 361 269 438 313; x_wconf 91' lang='lat' dir='ltr'>ubi</span> <span class='ocrx_word' id='word_1_7' title='bbox 461 283 505 313; x_wconf 91' lang='lat' dir='ltr'>se</span> <span class='ocrx_word' id='word_1_8' title='bbox 528 268 648 311; x_wconf 88' lang='lat' dir='ltr'>nullo</span> <span class='ocrx_word' id='word_1_9' title='bbox 666 267 760 324; x_wconf 91' lang='lat' dir='ltr'>jam</span> <span class='ocrx_word' id='word_1_10' title='bbox 783 281 913 309; x_wconf 89' lang='lat' dir='ltr'>cursu</span> <span class='ocrx_word' id='word_1_11' title='bbox 936 264 1116 307; x_wconf 85' lang='lat' dir='ltr'>evadere</span> <span class='ocrx_word' id='word_1_12' title='bbox 1141 276 1315 321; x_wconf 83' lang='lat' dir='ltr'>pugnae</span> 
     </span>
    </p>

    <p class='ocr_par' dir='ltr' id='par_1_3' title="bbox 191 334 1364 398">
     <span class='ocr_line' id='line_1_3' title="bbox 191 334 1364 398; baseline -0.009 -11"><span class='ocrx_word' id='word_1_13' title='bbox 191 345 323 387; x_wconf 86' lang='lat' dir='ltr'>Posse</span> <span class='ocrx_word' id='word_1_14' title='bbox 348 356 487 398; x_wconf 88' lang='lat' dir='ltr'>neque</span> <span class='ocrx_word' id='word_1_15' title='bbox 510 341 755 383; x_wconf 73' lang='lat' dir='ltr'>instantem</span> <span class='ocrx_word' id='word_1_16' title='bbox 780 337 976 394; x_wconf 76' lang='lat' dir='ltr'>reginam</span> <span class='ocrx_word' id='word_1_17' title='bbox 999 341 1192 378; x_wconf 84' lang='lat' dir='ltr'>avertere</span> <span class='ocrx_word' id='word_1_18' title='bbox 1211 334 1364 389; x_wconf 83' lang='lat' dir='ltr'>cernit,</span> 
     </span>
    </p>

    <p class='ocr_par' dir='ltr' id='par_1_4' title="bbox 194 410 1149 465">
     <span class='ocr_line' id='line_1_4' title="bbox 194 410 1149 465; baseline -0.009 -8"><span class='ocrx_word' id='word_1_19' title='bbox 194 415 384 458; x_wconf 78' lang='lat' dir='ltr'>Consilio</span> <span class='ocrx_word' id='word_1_20' title='bbox 406 427 573 455; x_wconf 77' lang='lat' dir='ltr'>versare</span> <span class='ocrx_word' id='word_1_21' title='bbox 597 411 714 453; x_wconf 82' lang='lat' dir='ltr'>dolos</span> <span class='ocrx_word' id='word_1_22' title='bbox 737 410 956 465; x_wconf 79' lang='lat' dir='ltr'>ingressus</span> <span class='ocrx_word' id='word_1_23' title='bbox 980 412 1025 450; x_wconf 88' lang='lat' dir='ltr'>et</span> <span class='ocrx_word' id='word_1_24' title='bbox 1047 412 1149 449; x_wconf 84' lang='lat' dir='ltr'>astu</span> 
     </span>
    </p>

    <p class='ocr_par' dir='ltr' id='par_1_5' title="bbox 195 472 1631 610">
     <span class='ocr_line' id='line_1_5' title="bbox 195 472 1631 541; baseline -0.008 -12"><span class='ocrx_word' id='word_1_25' title='bbox 195 485 358 541; x_wconf 75' lang='lat' dir='ltr'>Incipit</span> <span class='ocrx_word' id='word_1_26' title='bbox 381 485 487 526; x_wconf 86' lang='lat' dir='ltr'>haec</span> <span class='ocrx_word' id='word_1_27' title='bbox 506 498 513 525; x_wconf 90' lang='lat'>:</span> <span class='ocrx_word' id='word_1_28' title='bbox 552 482 577 502; x_wconf 65' lang='lat'>‘⁶</span> <span class='ocrx_word' id='word_1_29' title='bbox 600 481 715 534; x_wconf 74' lang='lat' dir='ltr'>Quid</span> <span class='ocrx_word' id='word_1_30' title='bbox 738 485 833 521; x_wconf 88' lang='lat' dir='ltr'>tam</span> <span class='ocrx_word' id='word_1_31' title='bbox 856 477 1093 535; x_wconf 78' lang='lat' dir='ltr'>egregium,</span> <span class='ocrx_word' id='word_1_32' title='bbox 1119 477 1155 520; x_wconf 87' lang='lat' dir='ltr'>si</span> <span class='ocrx_word' id='word_1_33' title='bbox 1177 477 1339 519; x_wconf 86' lang='lat' dir='ltr'>femina</span> <span class='ocrx_word' id='word_1_34' title='bbox 1360 475 1460 518; x_wconf 76' lang='lat' dir='ltr'>forti</span> <span class='ocrx_word' id='word_1_35' title='bbox 1543 472 1631 518; x_wconf 77' lang='lat'>705</span> 
     </span>
     <span class='ocr_line' id='line_1_6' title="bbox 197 548 1560 610; baseline -0.008 -11"><span class='ocrx_word' id='word_1_36' title='bbox 197 557 224 578; x_wconf 68' lang='lat'>‘⁸&#39;</span> <span class='ocrx_word' id='word_1_37' title='bbox 243 556 367 599; x_wconf 84' lang='lat' dir='ltr'>Fidis</span> <span class='ocrx_word' id='word_1_38' title='bbox 390 569 500 610; x_wconf 85' lang='lat' dir='ltr'>equo</span> <span class='ocrx_word' id='word_1_39' title='bbox 521 555 541 596; x_wconf 67' lang='lat' dir='ltr'>P</span> <span class='ocrx_word' id='word_1_40' title='bbox 611 551 801 594; x_wconf 82' lang='lat' dir='ltr'>Dimitte</span> <span class='ocrx_word' id='word_1_41' title='bbox 823 551 991 606; x_wconf 78' lang='lat' dir='ltr'>fugam,</span> <span class='ocrx_word' id='word_1_42' title='bbox 1016 554 1061 591; x_wconf 91' lang='lat' dir='ltr'>et</span> <span class='ocrx_word' id='word_1_43' title='bbox 1085 554 1129 591; x_wconf 84' lang='lat' dir='ltr'>te</span> <span class='ocrx_word' id='word_1_44' title='bbox 1152 548 1398 591; x_wconf 88' lang='lat' dir='ltr'>comminus</span> <span class='ocrx_word' id='word_1_45' title='bbox 1421 560 1560 602; x_wconf 86' lang='lat' dir='ltr'>aequo</span> 
     </span>
    </p>

    <p class='ocr_par' dir='ltr' id='par_1_6' title="bbox 197 619 1418 680">
     <span class='ocr_line' id='line_1_7' title="bbox 197 619 1418 680; baseline -0.007 -9"><span class='ocrx_word' id='word_1_46' title='bbox 197 630 224 650; x_wconf 73' lang='lat'>‘⁵</span> <span class='ocrx_word' id='word_1_47' title='bbox 242 629 418 671; x_wconf 87' lang='lat' dir='ltr'>Mecum</span> <span class='ocrx_word' id='word_1_48' title='bbox 441 626 565 669; x_wconf 82' lang='lat' dir='ltr'>crede</span> <span class='ocrx_word' id='word_1_49' title='bbox 589 625 690 679; x_wconf 86' lang='lat' dir='ltr'>solo,</span> <span class='ocrx_word' id='word_1_50' title='bbox 716 635 977 680; x_wconf 76' lang='lat' dir='ltr'>pugnaeque</span> <span class='ocrx_word' id='word_1_51' title='bbox 1000 621 1178 677; x_wconf 77' lang='lat' dir='ltr'>accinge</span> <span class='ocrx_word' id='word_1_52' title='bbox 1202 619 1418 676; x_wconf 74' lang='lat' dir='ltr'>pedestri:</span> 
     </span>
    </p>

    <p class='ocr_par' dir='ltr' id='par_1_7' title="bbox 199 691 1391 751">
     <span class='ocr_line' id='line_1_8' title="bbox 199 691 1391 751; baseline -0.008 -10"><span class='ocrx_word' id='word_1_53' title='bbox 199 700 225 720; x_wconf 72' lang='lat'>‘⁴</span> <span class='ocrx_word' id='word_1_54' title='bbox 243 700 272 742; x_wconf 72' lang='grc' dir='ltr'><em>ὖ</em></span> <span class='ocrx_word' id='word_1_55' title='bbox 278 714 348 741; x_wconf 86' lang='grc'>0111</span> <span class='ocrx_word' id='word_1_56' title='bbox 372 712 533 751; x_wconf 84' lang='grc'>1105005,</span> <span class='ocrx_word' id='word_1_57' title='bbox 557 700 738 737; x_wconf 84' lang='lat' dir='ltr'>ventosa</span> <span class='ocrx_word' id='word_1_58' title='bbox 760 694 872 736; x_wconf 82' lang='lat' dir='ltr'>ferat</span> <span class='ocrx_word' id='word_1_59' title='bbox 896 693 967 735; x_wconf 90' lang='grc'>0111</span> <span class='ocrx_word' id='word_1_60' title='bbox 988 692 1125 749; x_wconf 84' lang='lat' dir='ltr'>gloria</span> <span class='ocrx_word' id='word_1_61' title='bbox 1147 691 1391 733; x_wconf 85' lang='lat' dir='ltr'>fraudem.”</span> 
     </span>
    </p>

    <p class='ocr_par' dir='ltr' id='par_1_8' title="bbox 199 764 1637 970">
     <span class='ocr_line' id='line_1_9' title="bbox 199 764 1535 824; baseline -0.008 -11"><span class='ocrx_word' id='word_1_62' title='bbox 199 771 326 813; x_wconf 77' lang='lat' dir='ltr'>Dixit</span> <span class='ocrx_word' id='word_1_63' title='bbox 343 784 354 824; x_wconf 76' lang='lat'><em>3</em></span> <span class='ocrx_word' id='word_1_64' title='bbox 388 774 435 811; x_wconf 90' lang='lat' dir='ltr'>at</span> <span class='ocrx_word' id='word_1_65' title='bbox 459 768 535 810; x_wconf 88' lang='lat' dir='ltr'>illa</span> <span class='ocrx_word' id='word_1_66' title='bbox 555 767 704 809; x_wconf 81' lang='lat' dir='ltr'>furens</span> <span class='ocrx_word' id='word_1_67' title='bbox 727 765 902 821; x_wconf 87' lang='lat' dir='ltr'>acrique</span> <span class='ocrx_word' id='word_1_68' title='bbox 924 778 1108 807; x_wconf 84' lang='lat' dir='ltr'>accensa</span> <span class='ocrx_word' id='word_1_69' title='bbox 1129 764 1274 806; x_wconf 85' lang='lat' dir='ltr'>dolore</span> <span class='ocrx_word' id='word_1_70' title='bbox 1528 806 1535 810; x_wconf 52' lang='grc'>,</span> 
     </span>
     <span class='ocr_line' id='line_1_10' title="bbox 199 827 1637 897; baseline -0.009 -12"><span class='ocrx_word' id='word_1_71' title='bbox 199 842 356 885; x_wconf 88' lang='lat' dir='ltr'>Tradit</span> <span class='ocrx_word' id='word_1_72' title='bbox 379 841 544 897; x_wconf 88' lang='lat' dir='ltr'>equuin</span> <span class='ocrx_word' id='word_1_73' title='bbox 567 839 731 894; x_wconf 81' lang='lat' dir='ltr'>comiti,</span> <span class='ocrx_word' id='word_1_74' title='bbox 756 838 1023 894; x_wconf 85' lang='lat' dir='ltr'>paribusque</span> <span class='ocrx_word' id='word_1_75' title='bbox 1048 835 1212 878; x_wconf 74' lang='lat' dir='ltr'>resistit</span> <span class='ocrx_word' id='word_1_76' title='bbox 1234 834 1281 877; x_wconf 89' lang='lat' dir='ltr'>in</span> <span class='ocrx_word' id='word_1_77' title='bbox 1304 833 1452 888; x_wconf 84' lang='lat' dir='ltr'>armis,</span> <span class='ocrx_word' id='word_1_78' title='bbox 1547 827 1637 874; x_wconf 83' lang='lat'>&#39;710</span> 
     </span>
     <span class='ocr_line' id='line_1_11' title="bbox 200 908 1254 970; baseline -0.009 -12"><span class='ocrx_word' id='word_1_79' title='bbox 200 915 315 958; x_wconf 84' lang='lat' dir='ltr'>Ense</span> <span class='ocrx_word' id='word_1_80' title='bbox 338 914 470 970; x_wconf 82' lang='lat' dir='ltr'>pedes</span> <span class='ocrx_word' id='word_1_81' title='bbox 487 913 619 968; x_wconf 89' lang='lat' dir='ltr'>nudo,</span> <span class='ocrx_word' id='word_1_82' title='bbox 643 924 840 967; x_wconf 87' lang='lat' dir='ltr'>puraque</span> <span class='ocrx_word' id='word_1_83' title='bbox 863 908 1064 951; x_wconf 86' lang='lat' dir='ltr'>interrita</span> <span class='ocrx_word' id='word_1_84' title='bbox 1087 921 1254 964; x_wconf 89' lang='lat' dir='ltr'>parma.</span> 
     </span>
    </p>

    <p class='ocr_par' dir='ltr' id='par_1_9' title="bbox 202 980 1230 1044">
     <span class='ocr_line' id='line_1_12' title="bbox 202 980 1230 1044; baseline -0.009 -14"><span class='ocrx_word' id='word_1_85' title='bbox 202 987 265 1030; x_wconf 83' lang='lat' dir='ltr'>At</span> <span class='ocrx_word' id='word_1_86' title='bbox 282 986 472 1044; x_wconf 78' lang='lat' dir='ltr'>juvenis,</span> <span class='ocrx_word' id='word_1_87' title='bbox 497 985 648 1028; x_wconf 86' lang='lat' dir='ltr'>vicisse</span> <span class='ocrx_word' id='word_1_88' title='bbox 672 983 770 1026; x_wconf 87' lang='lat' dir='ltr'>dolo</span> <span class='ocrx_word' id='word_1_89' title='bbox 793 987 928 1037; x_wconf 81' lang='lat' dir='ltr'>ratus,</span> <span class='ocrx_word' id='word_1_90' title='bbox 953 981 1100 1023; x_wconf 86' lang='lat' dir='ltr'>avolat</span> <span class='ocrx_word' id='word_1_91' title='bbox 1122 980 1230 1036; x_wconf 83' lang='lat' dir='ltr'>ipse,</span> 
     </span>
    </p>

    <p class='ocr_par' dir='ltr' id='par_1_10' title="bbox 203 1048 1410 1185">
     <span class='ocr_line' id='line_1_13' title="bbox 203 1048 1410 1112; baseline -0.009 -11"><span class='ocrx_word' id='word_1_92' title='bbox 203 1058 336 1100; x_wconf 82' lang='lat' dir='ltr'>Haud</span> <span class='ocrx_word' id='word_1_93' title='bbox 359 1071 492 1112; x_wconf 88' lang='lat' dir='ltr'>mora,</span> <span class='ocrx_word' id='word_1_94' title='bbox 517 1055 817 1109; x_wconf 68' lang='lat' dir='ltr'>conversisque</span> <span class='ocrx_word' id='word_1_95' title='bbox 835 1053 973 1109; x_wconf 72' lang='lat' dir='ltr'>fugax</span> <span class='ocrx_word' id='word_1_96' title='bbox 995 1051 1192 1094; x_wconf 78' lang='lat' dir='ltr'>aufertur</span> <span class='ocrx_word' id='word_1_97' title='bbox 1212 1048 1410 1103; x_wconf 80' lang='lat' dir='ltr'>habenis,</span> 
     </span>
     <span class='ocr_line' id='line_1_14' title="bbox 205 1121 1315 1185; baseline -0.007 -13"><span class='ocrx_word' id='word_1_98' title='bbox 205 1128 631 1185; x_wconf 79' lang='lat' dir='ltr'>Quadrupedemque</span> <span class='ocrx_word' id='word_1_99' title='bbox 655 1125 794 1168; x_wconf 90' lang='lat' dir='ltr'>citum</span> <span class='ocrx_word' id='word_1_100' title='bbox 816 1124 980 1166; x_wconf 83' lang='lat' dir='ltr'>ferrata</span> <span class='ocrx_word' id='word_1_101' title='bbox 1002 1123 1119 1165; x_wconf 87' lang='grc'>00100</span> <span class='ocrx_word' id='word_1_102' title='bbox 1140 1121 1315 1177; x_wconf 83' lang='lat' dir='ltr'>fatigat.</span> 
     </span>
    </p>

    <p class='ocr_par' dir='ltr' id='par_1_11' title="bbox 207 1185 1641 1326">
     <span class='ocr_line' id='line_1_15' title="bbox 207 1185 1641 1255; baseline -0.008 -13"><span class='ocrx_word' id='word_1_103' title='bbox 207 1199 236 1220; x_wconf 91' lang='lat'><strong>“</strong></span> <span class='ocrx_word' id='word_1_104' title='bbox 255 1198 382 1241; x_wconf 86' lang='lat' dir='ltr'>Vane</span> <span class='ocrx_word' id='word_1_105' title='bbox 404 1198 542 1255; x_wconf 83' lang='lat' dir='ltr'>Ligus</span> <span class='ocrx_word' id='word_1_106' title='bbox 565 1197 811 1251; x_wconf 75' lang='lat' dir='ltr'>frustraque</span> <span class='ocrx_word' id='word_1_107' title='bbox 835 1193 992 1236; x_wconf 86' lang='lat' dir='ltr'>animis</span> <span class='ocrx_word' id='word_1_108' title='bbox 1014 1193 1130 1235; x_wconf 84' lang='lat' dir='ltr'>elate</span> <span class='ocrx_word' id='word_1_109' title='bbox 1153 1191 1366 1247; x_wconf 82' lang='lat' dir='ltr'>superbis,</span> <span class='ocrx_word' id='word_1_110' title='bbox 1552 1185 1641 1232; x_wconf 85' lang='lat'>&#39;715</span> 
     </span>
     <span class='ocr_line' id='line_1_16' title="bbox 208 1264 1338 1326; baseline -0.008 -13"><span class='ocrx_word' id='word_1_111' title='bbox 208 1271 234 1292; x_wconf 80' lang='lat'>‘⁴</span> <span class='ocrx_word' id='word_1_112' title='bbox 253 1270 567 1326; x_wconf 85' lang='lat' dir='ltr'>Nequidquam</span> <span class='ocrx_word' id='word_1_113' title='bbox 590 1267 757 1324; x_wconf 86' lang='lat' dir='ltr'>patrias</span> <span class='ocrx_word' id='word_1_114' title='bbox 780 1265 967 1309; x_wconf 78' lang='lat' dir='ltr'>tentasti</span> <span class='ocrx_word' id='word_1_115' title='bbox 988 1264 1183 1306; x_wconf 85' lang='lat' dir='ltr'>lubricus</span> <span class='ocrx_word' id='word_1_116' title='bbox 1206 1268 1338 1318; x_wconf 85' lang='lat' dir='ltr'>artes,</span> 
     </span>
    </p>

    <p class='ocr_par' dir='ltr' id='par_1_12' title="bbox 209 1334 1410 1391">
     <span class='ocr_line' id='line_1_17' title="bbox 209 1334 1410 1391; baseline -0.007 -6"><span class='ocrx_word' id='word_1_117' title='bbox 209 1342 235 1364; x_wconf 73' lang='lat'>‘⁶</span> <span class='ocrx_word' id='word_1_118' title='bbox 255 1341 348 1384; x_wconf 88' lang='lat' dir='ltr'>Nee</span> <span class='ocrx_word' id='word_1_119' title='bbox 372 1341 490 1383; x_wconf 83' lang='lat' dir='ltr'>fraus</span> <span class='ocrx_word' id='word_1_120' title='bbox 512 1345 556 1382; x_wconf 89' lang='lat' dir='ltr'>te</span> <span class='ocrx_word' id='word_1_121' title='bbox 579 1338 842 1381; x_wconf 85' lang='lat' dir='ltr'>incolumem</span> <span class='ocrx_word' id='word_1_122' title='bbox 862 1336 1010 1378; x_wconf 83' lang='lat' dir='ltr'>fallaci</span> <span class='ocrx_word' id='word_1_123' title='bbox 1032 1335 1215 1391; x_wconf 84' lang='lat' dir='ltr'>perferet</span> <span class='ocrx_word' id='word_1_124' title='bbox 1238 1334 1410 1377; x_wconf 86' lang='lat' dir='ltr'>Aun0.’&#39;</span> 
     </span>
    </p>

    <p class='ocr_par' dir='ltr' id='par_1_13' title="bbox 211 1405 1311 1466">
     <span class='ocr_line' id='line_1_18' title="bbox 211 1405 1311 1466; baseline -0.006 -11"><span class='ocrx_word' id='word_1_125' title='bbox 211 1413 331 1455; x_wconf 88' lang='lat' dir='ltr'>Haec</span> <span class='ocrx_word' id='word_1_126' title='bbox 354 1412 476 1454; x_wconf 89' lang='lat' dir='ltr'>fatur</span> <span class='ocrx_word' id='word_1_127' title='bbox 497 1410 632 1466; x_wconf 74' lang='lat' dir='ltr'>virge,</span> <span class='ocrx_word' id='word_1_128' title='bbox 652 1415 697 1451; x_wconf 89' lang='lat' dir='ltr'>et</span> <span class='ocrx_word' id='word_1_129' title='bbox 720 1407 969 1464; x_wconf 85' lang='lat' dir='ltr'>pernicibus</span> <span class='ocrx_word' id='word_1_130' title='bbox 991 1407 1119 1463; x_wconf 80' lang='lat' dir='ltr'>ignea</span> <span class='ocrx_word' id='word_1_131' title='bbox 1142 1405 1311 1462; x_wconf 81' lang='lat' dir='ltr'>plantis</span> 
     </span>
    </p>

    <p class='ocr_par' dir='ltr' id='par_1_14' title="bbox 209 1470 1646 1679">
     <span class='ocr_line' id='line_1_19' title="bbox 209 1470 1436 1536; baseline -0.007 -11"><span class='ocrx_word' id='word_1_132' title='bbox 209 1482 387 1526; x_wconf 76' lang='lat' dir='ltr'>Transit</span> <span class='ocrx_word' id='word_1_133' title='bbox 410 1495 572 1536; x_wconf 87' lang='lat' dir='ltr'>equum</span> <span class='ocrx_word' id='word_1_134' title='bbox 595 1494 740 1535; x_wconf 89' lang='lat' dir='ltr'>eursu,</span> <span class='ocrx_word' id='word_1_135' title='bbox 764 1470 981 1533; x_wconf 82' lang='lat' dir='ltr'>frenisque</span> <span class='ocrx_word' id='word_1_136' title='bbox 1005 1477 1187 1519; x_wconf 84' lang='lat' dir='ltr'>adversa</span> <span class='ocrx_word' id='word_1_137' title='bbox 1210 1474 1436 1532; x_wconf 86' lang='lat' dir='ltr'>prehensis</span> 
     </span>
     <span class='ocr_line' id='line_1_20' title="bbox 211 1541 1646 1609; baseline -0.008 -13"><span class='ocrx_word' id='word_1_138' title='bbox 211 1552 506 1609; x_wconf 79' lang='lat' dir='ltr'>Congreditur</span> <span class='ocrx_word' id='word_1_139' title='bbox 528 1564 776 1607; x_wconf 86' lang='lat' dir='ltr'>poenasque</span> <span class='ocrx_word' id='word_1_140' title='bbox 799 1549 976 1592; x_wconf 88' lang='lat' dir='ltr'>inimico</span> <span class='ocrx_word' id='word_1_141' title='bbox 1001 1563 1056 1591; x_wconf 77' lang='lat' dir='ltr'>ex</span> <span class='ocrx_word' id='word_1_142' title='bbox 1079 1547 1292 1604; x_wconf 81' lang='lat' dir='ltr'>sanguine</span> <span class='ocrx_word' id='word_1_143' title='bbox 1316 1546 1477 1590; x_wconf 88' lang='lat' dir='ltr'>sumit:</span> <span class='ocrx_word' id='word_1_144' title='bbox 1557 1541 1646 1589; x_wconf 81' lang='lat'>720</span> 
     </span>
     <span class='ocr_line' id='line_1_21' title="bbox 211 1619 1312 1679; baseline -0.005 -12"><span class='ocrx_word' id='word_1_145' title='bbox 211 1625 355 1678; x_wconf 80' lang='lat' dir='ltr'>Quam</span> <span class='ocrx_word' id='word_1_146' title='bbox 377 1624 502 1666; x_wconf 83' lang='lat' dir='ltr'>facile</span> <span class='ocrx_word' id='word_1_147' title='bbox 524 1623 734 1679; x_wconf 84' lang='lat' dir='ltr'>accipiter</span> <span class='ocrx_word' id='word_1_148' title='bbox 756 1637 860 1665; x_wconf 78' lang='lat' dir='ltr'>saxo</span> <span class='ocrx_word' id='word_1_149' title='bbox 883 1636 1003 1664; x_wconf 84' lang='lat' dir='ltr'>sacer</span> <span class='ocrx_word' id='word_1_150' title='bbox 1025 1621 1115 1663; x_wconf 87' lang='lat' dir='ltr'>ales</span> <span class='ocrx_word' id='word_1_151' title='bbox 1139 1620 1195 1662; x_wconf 89' lang='lat' dir='ltr'>ab</span> <span class='ocrx_word' id='word_1_152' title='bbox 1218 1619 1312 1662; x_wconf 87' lang='lat' dir='ltr'>alto</span> 
     </span>
    </p>

    <p class='ocr_par' dir='ltr' id='par_1_15' title="bbox 213 1691 1468 1824">
     <span class='ocr_line' id='line_1_22' title="bbox 213 1691 1436 1751; baseline -0.006 -12"><span class='ocrx_word' id='word_1_153' title='bbox 213 1695 508 1751; x_wconf 84' lang='lat' dir='ltr'>Consequitur</span> <span class='ocrx_word' id='word_1_154' title='bbox 528 1694 683 1751; x_wconf 89' lang='lat' dir='ltr'>pennis</span> <span class='ocrx_word' id='word_1_155' title='bbox 707 1693 941 1736; x_wconf 81' lang='lat' dir='ltr'>sublimem</span> <span class='ocrx_word' id='word_1_156' title='bbox 963 1692 1010 1734; x_wconf 92' lang='lat' dir='ltr'>in</span> <span class='ocrx_word' id='word_1_157' title='bbox 1032 1692 1149 1734; x_wconf 87' lang='lat' dir='ltr'>nube</span> <span class='ocrx_word' id='word_1_158' title='bbox 1173 1691 1436 1745; x_wconf 77' lang='lat' dir='ltr'>columbam,</span> 
     </span>
     <span class='ocr_line' id='line_1_23' title="bbox 214 1761 1468 1824; baseline -0.006 -13"><span class='ocrx_word' id='word_1_159' title='bbox 214 1767 617 1824; x_wconf 83' lang='lat' dir='ltr'>Comprensamque</span> <span class='ocrx_word' id='word_1_160' title='bbox 640 1770 765 1808; x_wconf 87' lang='lat' dir='ltr'>tenet</span> <span class='ocrx_word' id='word_1_161' title='bbox 787 1764 1059 1821; x_wconf 85' lang='lat' dir='ltr'>pedibusque</span> <span class='ocrx_word' id='word_1_162' title='bbox 1083 1762 1295 1805; x_wconf 80' lang='lat' dir='ltr'>eviscerat</span> <span class='ocrx_word' id='word_1_163' title='bbox 1316 1761 1440 1804; x_wconf 88' lang='lat' dir='ltr'>uncis</span> <span class='ocrx_word' id='word_1_164' title='bbox 1457 1775 1468 1816; x_wconf 78' lang='lat'><em>3</em></span> 
     </span>
    </p>

    <p class='ocr_par' dir='ltr' id='par_1_16' title="bbox 215 1832 1438 1888">
     <span class='ocr_line' id='line_1_24' title="bbox 215 1832 1438 1888; baseline -0.006 -8"><span class='ocrx_word' id='word_1_165' title='bbox 215 1839 333 1880; x_wconf 89' lang='lat' dir='ltr'>Tum</span> <span class='ocrx_word' id='word_1_166' title='bbox 355 1852 478 1880; x_wconf 85' lang='lat' dir='ltr'>cruor</span> <span class='ocrx_word' id='word_1_167' title='bbox 499 1842 544 1878; x_wconf 86' lang='lat' dir='ltr'>et</span> <span class='ocrx_word' id='word_1_168' title='bbox 567 1836 715 1878; x_wconf 86' lang='lat' dir='ltr'>vulsae</span> <span class='ocrx_word' id='word_1_169' title='bbox 736 1835 950 1877; x_wconf 85' lang='lat' dir='ltr'>labuntur</span> <span class='ocrx_word' id='word_1_170' title='bbox 971 1834 1027 1876; x_wconf 87' lang='lat' dir='ltr'>ab</span> <span class='ocrx_word' id='word_1_171' title='bbox 1049 1833 1226 1875; x_wconf 87' lang='lat' dir='ltr'>aethere</span> <span class='ocrx_word' id='word_1_172' title='bbox 1247 1832 1438 1888; x_wconf 87' lang='lat' dir='ltr'>plumae.</span> 
     </span>
    </p>
   </div>
   <div class='ocr_carea' id='block_1_3' title="bbox 218 1900 1654 2031">
    <p class='ocr_par' dir='ltr' id='par_1_17' title="bbox 218 1900 1654 2031">
     <span class='ocr_line' id='line_1_25' title="bbox 307 1900 1654 1959; baseline -0.002 -9"><span class='ocrx_word' id='word_1_173' title='bbox 307 1908 372 1950; x_wconf 90' lang='lat' dir='ltr'>At</span> <span class='ocrx_word' id='word_1_174' title='bbox 395 1922 482 1950; x_wconf 88' lang='lat' dir='ltr'>non</span> <span class='ocrx_word' id='word_1_175' title='bbox 503 1907 609 1948; x_wconf 84' lang='grc'>11000</span> <span class='ocrx_word' id='word_1_176' title='bbox 633 1906 768 1948; x_wconf 84' lang='grc'>11111115</span> <span class='ocrx_word' id='word_1_177' title='bbox 790 1904 1019 1947; x_wconf 88' lang='lat' dir='ltr'>hominum</span> <span class='ocrx_word' id='word_1_178' title='bbox 1043 1910 1160 1947; x_wconf 87' lang='lat' dir='ltr'>sator</span> <span class='ocrx_word' id='word_1_179' title='bbox 1181 1909 1315 1959; x_wconf 89' lang='lat' dir='ltr'>atque</span> <span class='ocrx_word' id='word_1_180' title='bbox 1337 1903 1518 1945; x_wconf 81' lang='lat' dir='ltr'>deorum</span> <span class='ocrx_word' id='word_1_181' title='bbox 1564 1900 1654 1947; x_wconf 81' lang='lat'>725</span> 
     </span>
     <span class='ocr_line' id='line_1_26' title="bbox 218 1973 1333 2031; baseline -0.003 -10"><span class='ocrx_word' id='word_1_182' title='bbox 218 1979 463 2022; x_wconf 85' lang='lat' dir='ltr'>Observans</span> <span class='ocrx_word' id='word_1_183' title='bbox 486 1976 622 2020; x_wconf 88' lang='grc'>0011115</span> <span class='ocrx_word' id='word_1_184' title='bbox 645 1990 818 2018; x_wconf 89' lang='lat' dir='ltr'>summo</span> <span class='ocrx_word' id='word_1_185' title='bbox 842 1976 964 2017; x_wconf 88' lang='lat' dir='ltr'>sedet</span> <span class='ocrx_word' id='word_1_186' title='bbox 985 1975 1104 2017; x_wconf 81' lang='lat' dir='ltr'>‘altus</span> <span class='ocrx_word' id='word_1_187' title='bbox 1131 1973 1333 2031; x_wconf 86' lang='lat' dir='ltr'>Olympo.</span> 
     </span>
    </p>
   </div>
   <div class='ocr_carea' id='block_1_4' title="bbox 219 2045 1665 2671">
    <p class='ocr_par' dir='ltr' id='par_1_18' title="bbox 219 2045 1391 2105">
     <span class='ocr_line' id='line_1_27' title="bbox 219 2045 1391 2105; baseline -0.003 -14"><span class='ocrx_word' id='word_1_188' title='bbox 219 2048 494 2105; x_wconf 87' lang='lat' dir='ltr'>Tyrrhenum</span> <span class='ocrx_word' id='word_1_189' title='bbox 518 2046 689 2103; x_wconf 80' lang='lat' dir='ltr'>genitor</span> <span class='ocrx_word' id='word_1_190' title='bbox 712 2045 984 2088; x_wconf 85' lang='lat' dir='ltr'>Tarchonem</span> <span class='ocrx_word' id='word_1_191' title='bbox 1006 2045 1051 2087; x_wconf 88' lang='lat' dir='ltr'>in</span> <span class='ocrx_word' id='word_1_192' title='bbox 1075 2045 1239 2102; x_wconf 81' lang='lat' dir='ltr'>proelia</span> <span class='ocrx_word' id='word_1_193' title='bbox 1262 2059 1391 2088; x_wconf 84' lang='lat' dir='ltr'>saeva</span> 
     </span>
    </p>

    <p class='ocr_par' dir='ltr' id='par_1_19' title="bbox 221 2115 1361 2174">
     <span class='ocr_line' id='line_1_28' title="bbox 221 2115 1361 2174; baseline -0.003 -12"><span class='ocrx_word' id='word_1_194' title='bbox 221 2119 428 2174; x_wconf 74' lang='lat' dir='ltr'>Suscitat,</span> <span class='ocrx_word' id='word_1_195' title='bbox 453 2124 497 2160; x_wconf 84' lang='lat' dir='ltr'>et</span> <span class='ocrx_word' id='word_1_196' title='bbox 520 2117 708 2160; x_wconf 90' lang='lat' dir='ltr'>stimulis</span> <span class='ocrx_word' id='word_1_197' title='bbox 730 2116 849 2158; x_wconf 87' lang='lat' dir='ltr'>haud</span> <span class='ocrx_word' id='word_1_198' title='bbox 868 2115 1075 2158; x_wconf 87' lang='lat' dir='ltr'>mollibus</span> <span class='ocrx_word' id='word_1_199' title='bbox 1100 2116 1240 2171; x_wconf 82' lang='lat' dir='ltr'>injicit</span> <span class='ocrx_word' id='word_1_200' title='bbox 1262 2116 1361 2159; x_wconf 90' lang='lat' dir='ltr'>iras.</span> 
     </span>
    </p>

    <p class='ocr_par' dir='ltr' id='par_1_20' title="bbox 222 2187 1385 2247">
     <span class='ocr_line' id='line_1_29' title="bbox 222 2187 1385 2247; baseline -0.003 -14"><span class='ocrx_word' id='word_1_201' title='bbox 222 2191 337 2247; x_wconf 82' lang='lat' dir='ltr'>Ergo</span> <span class='ocrx_word' id='word_1_202' title='bbox 360 2190 474 2231; x_wconf 85' lang='lat' dir='ltr'>inter</span> <span class='ocrx_word' id='word_1_203' title='bbox 496 2189 649 2231; x_wconf 86' lang='lat' dir='ltr'>caedes</span> <span class='ocrx_word' id='word_1_204' title='bbox 673 2187 960 2242; x_wconf 76' lang='lat' dir='ltr'>cedentiaque</span> <span class='ocrx_word' id='word_1_205' title='bbox 983 2187 1160 2243; x_wconf 75' lang='lat' dir='ltr'>agmina</span> <span class='ocrx_word' id='word_1_206' title='bbox 1185 2187 1385 2230; x_wconf 82' lang='lat' dir='ltr'>Tarchon</span> 
     </span>
    </p>

    <p class='ocr_par' dir='ltr' id='par_1_21' title="bbox 223 2258 1658 2388">
     <span class='ocr_line' id='line_1_30' title="bbox 223 2258 1658 2318; baseline -0.001 -13"><span class='ocrx_word' id='word_1_207' title='bbox 223 2263 385 2306; x_wconf 84' lang='lat' dir='ltr'>Fertur</span> <span class='ocrx_word' id='word_1_208' title='bbox 407 2276 531 2318; x_wconf 88' lang='lat' dir='ltr'>equo,</span> <span class='ocrx_word' id='word_1_209' title='bbox 555 2260 771 2315; x_wconf 88' lang='lat' dir='ltr'>variisque</span> <span class='ocrx_word' id='word_1_210' title='bbox 794 2260 979 2315; x_wconf 75' lang='lat' dir='ltr'>instigat</span> <span class='ocrx_word' id='word_1_211' title='bbox 1002 2260 1179 2302; x_wconf 86' lang='lat' dir='ltr'>vocibus</span> <span class='ocrx_word' id='word_1_212' title='bbox 1202 2261 1308 2314; x_wconf 82' lang='lat' dir='ltr'>alas,</span> <span class='ocrx_word' id='word_1_213' title='bbox 1569 2258 1658 2304; x_wconf 82' lang='lat'>730</span> 
     </span>
     <span class='ocr_line' id='line_1_31' title="bbox 224 2330 1537 2388; baseline -0.002 -12"><span class='ocrx_word' id='word_1_214' title='bbox 224 2333 414 2377; x_wconf 85' lang='lat' dir='ltr'>Nomine</span> <span class='ocrx_word' id='word_1_215' title='bbox 438 2344 655 2388; x_wconf 85' lang='lat' dir='ltr'>quemque</span> <span class='ocrx_word' id='word_1_216' title='bbox 676 2344 850 2384; x_wconf 66' lang='lat' dir='ltr'>vocans,</span> <span class='ocrx_word' id='word_1_217' title='bbox 875 2330 1101 2386; x_wconf 77' lang='lat' dir='ltr'>reficitque</span> <span class='ocrx_word' id='word_1_218' title='bbox 1124 2330 1170 2372; x_wconf 86' lang='lat' dir='ltr'>in</span> <span class='ocrx_word' id='word_1_219' title='bbox 1192 2331 1355 2387; x_wconf 87' lang='lat' dir='ltr'>proelia</span> <span class='ocrx_word' id='word_1_220' title='bbox 1377 2331 1537 2387; x_wconf 87' lang='lat' dir='ltr'>pulsos.</span> 
     </span>
    </p>

    <p class='ocr_par' dir='ltr' id='par_1_22' title="bbox 225 2402 1519 2458">
     <span class='ocr_line' id='line_1_32' title="bbox 225 2402 1519 2458; baseline 0 -13"><span class='ocrx_word' id='word_1_221' title='bbox 225 2405 251 2426; x_wconf 81' lang='lat'>‘⁴</span> <span class='ocrx_word' id='word_1_222' title='bbox 273 2404 379 2457; x_wconf 83' lang='lat' dir='ltr'>Quis</span> <span class='ocrx_word' id='word_1_223' title='bbox 402 2408 562 2457; x_wconf 86' lang='lat' dir='ltr'>metus,</span> <span class='ocrx_word' id='word_1_224' title='bbox 587 2416 610 2444; x_wconf 93' lang='lat' dir='ltr'>o</span> <span class='ocrx_word' id='word_1_225' title='bbox 634 2415 876 2456; x_wconf 80' lang='lat' dir='ltr'>numquam</span> <span class='ocrx_word' id='word_1_226' title='bbox 898 2402 1094 2458; x_wconf 82' lang='lat' dir='ltr'>dolituri,</span> <span class='ocrx_word' id='word_1_227' title='bbox 1120 2417 1144 2444; x_wconf 92' lang='lat' dir='ltr'>o</span> <span class='ocrx_word' id='word_1_228' title='bbox 1167 2416 1337 2458; x_wconf 86' lang='lat' dir='ltr'>semper</span> <span class='ocrx_word' id='word_1_229' title='bbox 1357 2402 1519 2445; x_wconf 84' lang='lat' dir='ltr'>inertes</span> 
     </span>
    </p>

    <p class='ocr_par' dir='ltr' id='par_1_23' title="bbox 226 2472 1356 2529">
     <span class='ocr_line' id='line_1_33' title="bbox 226 2472 1356 2529; baseline -0.001 -13"><span class='ocrx_word' id='word_1_230' title='bbox 226 2474 254 2497; x_wconf 75' lang='lat'>‘⁴</span> <span class='ocrx_word' id='word_1_231' title='bbox 271 2473 499 2529; x_wconf 77' lang='lat' dir='ltr'>Tyrrheni,</span> <span class='ocrx_word' id='word_1_232' title='bbox 525 2487 637 2528; x_wconf 86' lang='lat' dir='ltr'>quae</span> <span class='ocrx_word' id='word_1_233' title='bbox 660 2478 788 2514; x_wconf 85' lang='lat' dir='ltr'>tanta</span> <span class='ocrx_word' id='word_1_234' title='bbox 811 2472 968 2514; x_wconf 82' lang='lat' dir='ltr'>animis</span> <span class='ocrx_word' id='word_1_235' title='bbox 990 2472 1169 2528; x_wconf 73' lang='lat' dir='ltr'>ignavia</span> <span class='ocrx_word' id='word_1_236' title='bbox 1191 2473 1313 2515; x_wconf 80' lang='lat' dir='ltr'>venit</span> <span class='ocrx_word' id='word_1_237' title='bbox 1335 2474 1356 2516; x_wconf 75' lang='grc' dir='ltr'><em>Ρ</em></span> 
     </span>
    </p>

    <p class='ocr_par' dir='ltr' id='par_1_24' title="bbox 229 2543 1480 2601">
     <span class='ocr_line' id='line_1_34' title="bbox 229 2543 1480 2601; baseline 0 -14"><span class='ocrx_word' id='word_1_238' title='bbox 229 2545 460 2588; x_wconf 81' lang='lat' dir='ltr'>“Femina</span> <span class='ocrx_word' id='word_1_239' title='bbox 482 2545 682 2601; x_wconf 81' lang='lat' dir='ltr'>palantes</span> <span class='ocrx_word' id='word_1_240' title='bbox 704 2543 796 2600; x_wconf 80' lang='lat' dir='ltr'>agit</span> <span class='ocrx_word' id='word_1_241' title='bbox 819 2548 953 2599; x_wconf 82' lang='lat' dir='ltr'>atque</span> <span class='ocrx_word' id='word_1_242' title='bbox 976 2544 1083 2586; x_wconf 89' lang='grc'>11000</span> <span class='ocrx_word' id='word_1_243' title='bbox 1106 2543 1285 2600; x_wconf 73' lang='lat' dir='ltr'>agmina</span> <span class='ocrx_word' id='word_1_244' title='bbox 1306 2544 1439 2587; x_wconf 87' lang='lat' dir='ltr'>vertit</span> <span class='ocrx_word' id='word_1_245' title='bbox 1459 2545 1480 2587; x_wconf 78' lang='grc' dir='ltr'>Ρ</span> 
     </span>
    </p>

    <p class='ocr_par' dir='ltr' id='par_1_25' title="bbox 229 2612 1665 2671">
     <span class='ocr_line' id='line_1_35' title="bbox 229 2612 1665 2671; baseline 0.002 -14"><span class='ocrx_word' id='word_1_246' title='bbox 229 2616 256 2636; x_wconf 87' lang='lat'><strong>“</strong></span> <span class='ocrx_word' id='word_1_247' title='bbox 277 2616 372 2670; x_wconf 76' lang='lat' dir='ltr'>Quo</span> <span class='ocrx_word' id='word_1_248' title='bbox 395 2615 571 2670; x_wconf 86' lang='lat' dir='ltr'>ferrum,</span> <span class='ocrx_word' id='word_1_249' title='bbox 590 2613 748 2671; x_wconf 89' lang='lat' dir='ltr'>quidve</span> <span class='ocrx_word' id='word_1_250' title='bbox 772 2614 876 2656; x_wconf 87' lang='lat' dir='ltr'>haec</span> <span class='ocrx_word' id='word_1_251' title='bbox 900 2614 1090 2669; x_wconf 79' lang='lat' dir='ltr'>gerimus</span> <span class='ocrx_word' id='word_1_252' title='bbox 1108 2615 1198 2657; x_wconf 86' lang='lat' dir='ltr'>tela</span> <span class='ocrx_word' id='word_1_253' title='bbox 1219 2614 1341 2657; x_wconf 85' lang='lat' dir='ltr'>irrita</span> <span class='ocrx_word' id='word_1_254' title='bbox 1356 2614 1521 2658; x_wconf 81' lang='lat' dir='ltr'>dextris</span> <span class='ocrx_word' id='word_1_255' title='bbox 1535 2616 1557 2660; x_wconf 74' lang='lat' dir='ltr'>P</span> <span class='ocrx_word' id='word_1_256' title='bbox 1576 2612 1665 2660; x_wconf 83' lang='lat'>735</span> 
     </span>
    </p>
   </div>
  </div>
 </body>
</html>
