1757 2916
122 110 210 155 154
603 124 837 156 AENEmos
870 126 957 157 Lm.
993 126 1072 157 vn.

121 230 149 252 “
166 231 407 276 Submovet
434 231 625 289 Oceano,
649 239 694 276 ct
717 234 754 277 si
774 248 907 290 quem
929 239 1113 277 extenta
1136 235 1368 292 plagarum

120 303 147 325 “
167 304 368 357 Quatuor
390 304 435 347 in
457 305 602 348 medio
625 306 790 349 dirimit
813 307 945 363 plaga
968 307 1068 350 solis
1090 306 1243 363 iniqui.

122 376 148 397 “
166 376 344 419 Diluvio
367 391 422 419 ex
445 377 519 420 1110
541 382 609 421 101
631 383 758 421 vasta
779 393 858 434 per
879 393 1068 434 aequora
1090 379 1206 422 vecti

73 463 75 465 “
121 446 148 468 “
166 447 246 489 Dis
269 448 416 490 sedem
438 449 646 505 exiguam
668 449 825 505 patriis
847 449 1045 505 litusque
1069 464 1275 506 rogamus

120 518 148 539 “
165 519 430 575 Innocuum,
443 524 486 561 et
501 519 673 562 cunctis
687 520 942 576 undamque
958 535 1199 577 auramque
1215 527 1457 578 patentem.
1471 522 1560 564 230

121 590 148 611 “
165 590 268 633 Non
291 590 453 633 crimus
475 605 609 647 regno
630 589 851 633 indecores
871 605 882 644 3
917 605 996 633 nec
1019 597 1166 634 vestra
1188 592 1359 635 feretur

121 660 305 703 “Fama
327 660 448 716 levis,
474 660 681 716 tantique
704 661 923 704 abolescet
946 661 1090 718 gratia
1111 662 1245 717 facti,

121 731 151 752 “
167 730 260 773 Neo
286 731 464 787 Trojam
487 730 708 775 Ausonios
730 731 895 788 gremio
919 733 1141 789 excepisse
1164 733 1346 791 pigebit.

122 802 281 845 “Fata
304 817 381 859 per
401 802 578 846 Aeneae
595 796 694 860 juro
717 804 1008 860 dextramque
1029 809 1277 861 potentem,

122 873 149 894 ‘⁶
172 874 270 917 Sive
293 874 379 917 fide
402 889 478 918 seu
500 875 598 931 quis
621 875 735 918 bello
758 881 825 919 est
848 881 1057 933 expertus
1080 882 1126 919 et
1149 877 1283 920 armis
1303 889 1315 922 ε
1471 877 1561 921 235

121 944 149 965 “
165 945 301 987 Multi
322 960 400 989 nos
422 946 589 1003 populi,
614 947 863 989 multae-ne
886 952 1049 1004 temne,
1074 949 1191 1004 quod
1213 949 1330 991 ultro

122 1015 150 1037 “
170 1017 463 1061 Praeferimus
486 1018 691 1061 manibus
713 1019 849 1062 vittas
873 1034 923 1062 ac
947 1020 1076 1062 verba
1098 1020 1351 1076 precantia-

122 1087 148 1110 “
168 1087 230 1130 Et
254 1088 417 1144 petiere
441 1088 524 1131 sibi
547 1094 591 1132 et
615 1089 787 1132 voluere
810 1089 1050 1146 adjungere
1073 1096 1252 1147 gentes;

123 1158 149 1179 ‘⁶
169 1159 254 1202 Sed
277 1174 354 1202 nos
375 1160 468 1202 fata
491 1160 625 1203 deum
647 1166 813 1204 vestras
835 1161 1059 1217 exquirere
1081 1167 1218 1205 terras

123 1229 149 1250 “
166 1230 368 1287 Imperiis
391 1245 511 1288 egere
535 1232 636 1276 suis.
702 1232 820 1275 Hinc
845 1232 1082 1276 Dardanus
1104 1239 1226 1276 ortus
1245 1248 1255 1277 ε
1471 1232 1561 1276 240

122 1300 151 1322 “
170 1301 272 1344 Η110
296 1302 455 1358 repetit
476 1317 487 1357 3
517 1301 740 1359 jussisque
764 1303 1021 1359 ingentibus
1044 1310 1173 1361 urget
1197 1305 1358 1361 Apollo

123 1372 153 1392 “
176 1371 453 1427 Tyrrhenum
475 1374 532 1416 ad
556 1373 769 1429 Thybrim
792 1378 836 1415 et
859 1374 994 1417 fontis
1017 1376 1130 1418 vada
1154 1391 1277 1419 sacra
1302 1375 1497 1420 Numici.

123 1442 151 1463 ‘⁴
171 1442 263 1484 Dat
286 1443 368 1485 tibi
390 1449 614 1500 practerea
635 1443 837 1486 fortunae
859 1459 996 1501 parva
1013 1446 1169 1502 *prioris

123 1515 150 1536 ‘⁶
167 1514 368 1571 Munera,
393 1516 598 1572 reliquias
622 1516 754 1573 Troja
776 1531 830 1559 ex
852 1517 1034 1559 ardente
1057 1522 1266 1574 receptas.

123 1585 148 1606 ‘⁶
166 1586 262 1628 Hoc
285 1592 411 1642 pater
432 1586 650 1630 Anchises
673 1602 778 1630 auro
800 1588 971 1631 libabat
993 1588 1051 1631 ad
1073 1603 1170 1631 aras
1190 1603 1201 1643 ;
1468 1590 1558 1634 245

122 1658 149 1678 ‘⁶
165 1657 262 1701 Hoc
286 1658 456 1701 Priami
478 1665 707 1716 gestamen
730 1665 839 1716 erat,
865 1674 1006 1716 quum
1022 1659 1126 1717 jura
1147 1660 1317 1704 vocatis

123 1728 151 1750 “
172 1729 292 1772 More
315 1730 440 1772 daret
458 1730 644 1786 populis,
669 1736 994 1787 sceptrumque,
1019 1745 1226 1787 sacerque
1249 1731 1399 1789 tiaras,

123 1800 151 1821 “
170 1800 450 1855 Iliadumque
473 1801 595 1843 labor
617 1803 802 1845 vestes.''

123 1870 305 1912 Talibus
328 1870 484 1912 Ilionei
506 1870 636 1914 dictis
659 1871 806 1914 defixa
828 1871 1019 1915 Latinus

122 1941 300 1984 Obtutu
323 1945 448 1983 tenet
470 1955 558 1997 ora,
584 1941 759 1998 soloque
782 1942 1018 1986 immobilis
1040 1943 1206 1999 haeret,
1473 1944 1563 1988 250

123 2013 328 2055 Intentos
351 2012 528 2055 volvens
551 2013 709 2056 oculos.
774 2013 818 2056 N
823 2028 870 2056 ec
892 2029 1090 2071 purpura
1112 2029 1260 2071 regem

123 2084 254 2126 Picta
276 2088 436 2139 movet,
460 2098 539 2126 nec
563 2088 734 2140 sceptra
756 2089 936 2127 movent
959 2085 1181 2128 Priameia
1202 2090 1398 2143 tantum,

123 2154 353 2208 Quantum
375 2154 421 2196 in
444 2154 658 2198 connubio
681 2160 811 2198 natae
833 2156 1117 2213 thalamoque
1140 2162 1349 2213 moratur,

123 2226 185 2268 Et
207 2225 366 2268 veteris
389 2225 535 2268 Fauni
553 2225 690 2268 volvit
713 2227 794 2269 sub
816 2232 990 2283 pectore
1015 2233 1186 2272 sortem.

123 2296 257 2339 Hunc
281 2297 409 2339 illum
430 2297 534 2339 satis
557 2302 739 2339 externa
761 2298 816 2340 ab
840 2299 940 2341 sede
962 2298 1209 2356 profectum
1474 2300 1562 2344 255

124 2368 335 2410 Portendi
358 2382 580 2424 generum,
604 2368 872 2424 paribusque
896 2369 940 2411 in
965 2384 1095 2425 regna
1117 2370 1261 2413 vocari

127 2438 378 2493 Auspiciis5
413 2438 517 2480 huic
540 2438 793 2494 progeniem
816 2439 980 2482 virtuto
1002 2441 1200 2483 futuram

126 2508 371 2565 Egregiam,
396 2514 441 2552 et
459 2513 606 2552 totum
631 2523 743 2565 quae
765 2509 927 2553 viribus
951 2517 1134 2568 occupet
1157 2511 1319 2554 orbem.

126 2579 325 2622 Tandem
348 2580 492 2623 laetus
513 2579 603 2624 ait:
642 2579 668 2600 ‘⁴
690 2580 746 2622 Di
770 2587 916 2624 nostra
939 2581 1118 2638 incepta
1140 2583 1383 2625 secundent
