1731 2923
578 167 807 198 AENEmos
839 170 927 201 ΜΒ.
963 172 1024 203 IV.
1457 166 1514 212 77

83 268 460 328 Spumantemque
483 273 577 316 dari
599 290 753 330 pecora
776 277 891 320 inter
911 278 1068 322 inertia
1090 282 1203 325 votis

84 339 226 396 Optat
249 356 421 399 aprum,
447 350 526 386 aut
548 345 721 388 fulvum
745 348 1001 392 descendere
1024 358 1172 395 monte
1195 354 1376 400 leonem.

80 410 257 454 Interea
279 427 438 470 magno
461 416 633 459 misceri
655 409 877 462 murmure
900 421 1069 463 coelum
1429 430 1514 471 160

80 479 242 537 Incipit
258 496 270 537 3
305 483 554 541 insequitur
575 489 815 531 commixta
837 491 1046 546 grandine
1069 494 1270 540 nimbus:

78 552 139 594 Et
164 553 285 608 Tyrii
307 555 489 599 comites
513 559 676 614 passim
700 565 743 601 et
769 560 957 617 Trojana
974 562 1189 618 juventus

79 623 414 682 Dardaniusque
438 643 572 685 nepos
595 629 777 674 Veneris
800 632 967 676 diversa
989 650 1068 691 per
1089 652 1213 694 agros

79 693 218 737 Tecta
240 703 363 739 metu
384 699 547 753 petiere
567 714 579 754 3
614 707 750 744 ruunt
773 703 826 745 de
849 705 1073 749 montibus
1096 723 1258 752 amnes.

78 764 344 820 Speluncam
368 767 482 811 Dido
505 771 597 813 dux
615 777 659 813 et
683 772 897 828 Trojanus
921 777 1120 819 eamdem
1428 783 1512 826 165

78 835 345 882 Deveniunt.
414 839 563 882 Prima
587 847 630 884 et
656 842 805 886 Tellus
828 850 872 887 et
895 848 1096 901 pronuba
1118 849 1149 891 J
1154 865 1240 893 uno

77 905 200 949 Dant
223 908 398 964 signum
418 923 429 963 ;
463 909 622 953 fulsere
644 912 767 968 ignes
791 920 834 956 et
859 917 1056 960 conscius
1079 920 1230 962 aether

75 976 326 1035 Oonnubiis,
351 994 608 1037 summoque
632 982 861 1027 ulularunt
885 987 1045 1030 vertice
1070 988 1320 1047 Nymphae.

73 1047 155 1089 Ille
177 1044 269 1091 dies
291 1049 456 1104 primus
479 1051 559 1093 leti
581 1052 834 1110 primusque
856 1057 1072 1100 malorum

74 1118 219 1162 Causa
239 1120 328 1163 fuit
348 1136 357 1165 :
392 1136 533 1178 neque
556 1123 673 1166 enim
696 1126 837 1181 specie
859 1127 1032 1172 famave
1055 1137 1272 1189 movetur,
1422 1134 1510 1180 170

72 1188 166 1232 Nec
182 1190 279 1246 jam
299 1191 516 1242 furtivum
540 1194 655 1238 Dido
677 1197 923 1240 meditatur
944 1214 1137 1244 amorem
1157 1217 1168 1257 ;

73 1260 337 1318 Conjugium
358 1269 512 1309 vocat:
553 1265 632 1309 hoo
654 1269 874 1324 praetexit
897 1271 1072 1315 nomine
1095 1276 1285 1332 culpam.

161 1331 400 1390 Extemplo
422 1334 587 1392 Libyae
610 1351 793 1395 magnas
816 1340 853 1382 it
875 1341 1017 1385 Fama
1040 1359 1118 1400 per
1139 1347 1282 1405 urbes,

70 1401 213 1445 Fama
235 1404 418 1461 malum,
442 1420 530 1462 qua
552 1421 640 1450 non
662 1409 786 1452 aliud
810 1411 995 1455 velocius
1017 1415 1160 1458 ullum

69 1473 321 1518 Mobilitate
342 1475 474 1533 Viget,
498 1477 695 1535 viresque
718 1481 904 1537 acquirit
927 1486 1094 1530 eundo:
1420 1491 1505 1537 175

71 1544 212 1597 Parva
234 1551 360 1589 metu
381 1547 536 1603 primo,
561 1563 664 1591 mox
687 1564 775 1592 sese
800 1553 969 1596 attollit
990 1555 1036 1596 in
1058 1571 1199 1613 auras,

69 1615 408 1672 Ingrediturque
432 1618 519 1660 solo
542 1623 585 1660 et
609 1625 746 1675 caput
767 1621 884 1664 inter
905 1624 1058 1667 nubila
1080 1629 1240 1672 condit.

68 1685 200 1727 Illam
224 1686 360 1728 Terra
382 1702 552 1744 parens,
577 1689 639 1731 ira
661 1689 833 1733 irritata
855 1693 1048 1751 deorum,

67 1755 342 1813 Extremam,
366 1764 418 1800 ut
440 1759 685 1816 perhibent,
713 1761 825 1804 Coeo
848 1763 1156 1824 Enceladoque
1180 1785 1369 1815 sororem

49 1824 307 1884 'Progenuit
329 1829 513 1885 pedibus
536 1831 720 1873 celerem
743 1838 787 1874 et
809 1835 1057 1889 pernicibus
1081 1839 1175 1895 alis,
1415 1848 1500 1889 180

66 1898 316 1941 Monstrum
338 1900 613 1957 horrendum,
637 1902 804 1959 ingens,
830 1905 915 1961 cui,
941 1913 1046 1963 quot
1070 1915 1173 1952 sunt
1206 1926 1378 1971 corpore
1400 1918 1499 1973 plu-

67 1969 153 2011 'I'ot
174 1970 327 2026 vigiles
349 1972 465 2014 oculi
487 1973 861 2019 subter-mirabile
883 1977 1044 2035 dictu-,
1366 1985 1496 2046 [mae,

66 2039 152 2082 Tot
174 2040 365 2098 linguae,
388 2043 577 2086 totidem
599 2059 671 2087 ora
694 2051 863 2103 sonant,
888 2053 956 2091 tot
979 2051 1166 2109 subrigit
1189 2069 1324 2100 aures.

65 2110 207 2153 Nocte
228 2112 347 2154 volat
370 2114 477 2155 coeli
499 2115 642 2157 medio
664 2122 890 2173 terraeque
913 2134 990 2175 per
1010 2124 1213 2167 umbram
1245 2153 1254 2160 -

67 2182 279 2237 Stridens,
305 2197 382 2225 nec
406 2184 525 2226 dulci
546 2185 741 2227 declinat
763 2187 933 2244 lumina
955 2206 1104 2235 somno
1120 2208 1131 2248 3
1411 2202 1495 2244 185

63 2252 182 2295 Luce
205 2253 326 2295 sedet
348 2259 494 2296 custos
517 2261 596 2297 aut
619 2257 781 2298 summi
803 2259 995 2302 culmine
1019 2263 1139 2318 tecti,

65 2324 274 2367 Turribus
296 2330 376 2366 aut
398 2325 513 2380 altis,
539 2331 583 2368 ct
605 2341 786 2383 magnas
810 2329 983 2372 territat
1005 2332 1146 2387 urbes,

65 2395 178 2436 Tam
199 2395 294 2437 ficti
314 2396 524 2452 pravique
547 2402 681 2439 tenax
704 2413 837 2454 quam
860 2401 1018 2443 nuntia
1039 2404 1141 2448 veri.

63 2465 185 2509 Haec
207 2471 307 2508 tum
330 2467 570 2524 multiplici
591 2469 775 2525 populos
798 2485 991 2514 sermone
1015 2475 1211 2530 replebat

63 2537 285 2594 Gaudens,
309 2543 354 2580 et
376 2539 538 2595 pariter
558 2540 678 2582 facta
699 2545 834 2598 atque
856 2542 1018 2586 infecta
1041 2547 1228 2591 canebat
1250 2563 1260 2594 :
1407 2555 1493 2598 190

63 2606 246 2651 Venisse
268 2607 464 2664 Aenean,
489 2609 676 2666 Trojano
699 2611 912 2668 sanguine
934 2619 1119 2672 cretum,
