1731 2923
610 148 840 179 AENEmos
872 149 961 182 ΜΒ.
995 150 1061 182 111.
1487 144 1545 186 55

115 257 144 279 “
159 258 286 300 Idem
307 262 514 300 venturos
536 257 741 300 tollemus
764 257 810 299 in
831 261 950 300 astra
971 263 1170 314 nepotes„

113 328 141 349 ‘⁶
161 328 491 385 Imperiumque
513 327 612 370 urbi
633 328 862 372 dabimus:
897 333 950 371 tu
970 329 1142 371 moenia
1165 330 1336 386 magnis

113 399 141 419 “
160 399 326 455 Magna
349 413 471 455 para,
495 399 764 455 longumque
786 399 915 455 fugae
937 413 992 441 ne
1015 400 1164 455 linque
1187 400 1391 443 laborem.
1460 401 1545 444 160

114 470 140 490 “
159 469 404 512 Mutandae
427 470 573 513 sedes:
610 484 697 512 non
718 469 825 512 haec
849 470 934 512 tibi
954 470 1082 513 litora
1106 471 1244 513 suasit

113 540 140 562 ‘⁴
161 541 330 596 Delius,
356 546 435 583 aut
460 540 616 584 Cretae
632 541 765 597 jussit
788 540 1023 597 considere,
1050 542 1221 598 Apollo.

112 611 139 632 ‘⁴
157 612 241 654 Est
264 613 399 668 locus,
424 611 686 669 Hesperiam
711 612 835 656 Graii
857 613 1111 669 cognomine
1133 614 1302 669 dicunt,

115 682 142 703 ‘⁴
161 683 295 726 Terra
313 683 513 739 antiqua,
537 689 693 740 potens
715 684 846 726 armis
869 690 1003 740 atque
1025 685 1155 727 ubere
1178 685 1352 741 glebae—

113 752 140 773 “
161 753 342 798 Oenotri
364 754 532 797 coluere
555 753 660 808 viri;
695 769 812 797 nunc
834 754 967 810 fama,
992 755 1180 798 minores
1457 758 1542 801 165

115 823 142 845 “
163 824 346 866 Italiam
367 824 528 867 dixisse
551 824 751 867 ducisne
773 825 947 867 nomine
968 830 1187 881 gentem-2

113 893 140 915 “
159 894 256 936 Hae
278 894 402 937 nobis
423 894 620 951 propriae
643 895 765 937 sedes
785 908 798 949 3
831 895 932 937 hinc
956 895 1191 939 Dardanus
1214 902 1334 939 ortus

113 963 140 985 ‘⁶
156 964 388 1020 Iasiusque
409 969 547 1020 pater,
571 978 707 1021 genus
729 979 755 1006 a
777 978 862 1020 quo
884 964 1080 1021 principe
1102 971 1311 1010 nostrum.

112 1035 139 1056 ‘⁶
158 1035 296 1092 Surge
317 1050 412 1092 age,
436 1040 481 1078 et
503 1035 610 1078 haec
631 1035 774 1078 laetus
796 1036 1005 1092 longaevo
1028 1036 1149 1079 dicta
1170 1037 1344 1093 parenti

111 1105 139 1126 “
154 1105 291 1148 Haud
307 1106 554 1149 dubitanda
570 1106 682 1148 refer
699 1120 709 1149 :
746 1105 992 1162 Corythum
1008 1111 1230 1163 terrasque
1249 1107 1440 1164 requirat
1458 1106 1544 1152 170

113 1175 140 1197 “
158 1176 391 1222 Ausonias.
457 1176 646 1219 Dictaea
669 1181 803 1234 negat
825 1177 910 1219 tibi
930 1177 1114 1234 Jupiter
1135 1180 1280 1222 arva.'’

111 1247 295 1290 Talibus
317 1247 538 1290 attonitus
559 1247 663 1291 visis
684 1263 734 1291 ac
758 1262 860 1291 voce
882 1248 1084 1291 deorum-

112 1317 154 1360 N
158 1332 204 1360 ec
228 1332 351 1375 sopor
370 1318 482 1361 illud
504 1323 610 1374 erat,
635 1319 711 1362 sed
732 1333 876 1362 coram
898 1333 1129 1375 agnoscere
1152 1320 1301 1362 vultus

113 1388 379 1445 Velatasque
401 1404 548 1433 comas
571 1390 903 1447 praesentiaque
926 1405 1000 1433 ora
1023 1390 1224 1445 videbam

112 1460 230 1502 Tum
252 1461 421 1517 gelidus
442 1466 538 1504 toto
560 1462 770 1504 manabat
793 1476 968 1518 corpore
991 1462 1157 1518 sudor-,
1455 1459 1541 1506 175

113 1532 305 1589 Corripio
327 1547 350 1574 e
373 1533 524 1575 stratis
547 1547 715 1589 corpus,
739 1533 959 1588 tendoque
983 1532 1163 1589 supinas

113 1603 186 1645 Ad
208 1603 378 1646 coelum
399 1608 501 1646 cu'm
523 1617 626 1646 voce
648 1618 820 1659 manus,
845 1608 889 1646 et
911 1618 1094 1646 munera
1115 1603 1204 1646 libo

112 1674 384 1716 Intemerata
405 1674 522 1718 focis.
587 1674 786 1717 Perfecto
807 1675 950 1717 laetus
971 1674 1131 1718 honore

113 1744 339 1787 Anchisen
358 1744 468 1787 facio
486 1749 670 1800 certum,
695 1759 871 1801 remque
894 1745 1042 1788 ordine
1063 1746 1221 1802 pando.

112 1815 309 1872 Agnovit
331 1816 498 1872 prolem
519 1814 775 1871 ambiguam
796 1816 1078 1873 geminosque
1100 1820 1319 1872 parentes,
1457 1816 1543 1859 180

114 1887 254 1943 Seque
277 1900 386 1929 novo
407 1891 606 1928 veterum
627 1887 865 1942 deceptum
886 1900 1024 1929 errore
1044 1887 1250 1930 locorum.

114 1956 233 2000 Tum
253 1961 468 1999 memorat
490 1970 500 2000 ε
537 1955 565 1977 “
583 1954 716 2011 Nate,
740 1955 890 1999 Iliacis
912 1956 1100 1999 exercite
1121 1956 1242 2013 fatis,

114 2027 144 2049 ‘⁴
163 2027 262 2071 Sola
283 2027 394 2069 mihi
414 2027 527 2069 tales
548 2041 674 2069 casus
698 2026 943 2070 Cassandra
964 2027 1151 2070 canebat
1167 2042 1178 2082 3

115 2097 144 2119 “
164 2097 296 2140 Nunc
318 2102 468 2155 repeto
490 2098 596 2140 haec
619 2098 766 2155 generi
787 2098 1042 2154 portendere
1065 2098 1214 2141 debita
1238 2103 1398 2155 nostro,

116 2168 143 2190 ‘⁴
160 2168 223 2210 Et
246 2182 372 2224 saepe
395 2167 673 2223 Hesperiam,
697 2182 824 2224 saepe
847 2168 965 2211 Itala
990 2157 1125 2225 regna
1147 2183 1309 2212 vocare.
1456 2170 1541 2213 185

117 2238 145 2260 ‘⁵
167 2238 252 2282 Sed
274 2238 372 2294 quis
394 2238 451 2280 ad
473 2237 710 2294 Hesperiae
731 2242 937 2280 venturos
958 2238 1090 2280 litora
1113 2238 1302 2280 Teucros

116 2309 144 2331 “
165 2309 386 2365 Crederet,
410 2313 489 2351 aut
512 2322 642 2364 quem
665 2313 765 2350 tum
785 2312 910 2350 vates
934 2308 1178 2351 Cassandra
1200 2310 1430 2352 moveret?

117 2379 382 2423 “Cedamus
404 2379 594 2433 Phoebo,
619 2383 663 2420 et
687 2378 843 2421 moniti
865 2378 1041 2421 meliora
1064 2393 1298 2434 sequamur
1316 2383 1324 2422 !
1340 2381 1363 2397 '’

118 2452 187 2495 Sic
211 2451 288 2506 ait,
311 2456 357 2493 et
380 2450 529 2493 cuncti
551 2450 668 2492 dicto
690 2464 892 2506 paremus
913 2454 1092 2492 ovantes
1112 2463 1122 2493 ε

118 2521 245 2564 Hanc
263 2535 435 2577 quoque
458 2520 692 2563 deserimus
711 2520 870 2574 sedem,
894 2519 1131 2575 paucisque
1154 2520 1315 2562 relictis
1461 2522 1543 2563 190

121 2591 231 2635 Vela
253 2592 424 2647 damus,
447 2585 711 2647 vastumque
734 2605 841 2633 cava
864 2591 986 2633 trabe
1009 2590 1221 2633 currimus
1243 2605 1415 2646 aequor.
