1731 2923
576 129 808 160 AENEmos
840 130 927 161 ΜΒ.
963 130 1009 161 11.
1449 120 1505 162 39

77 237 319 281 Labentem
340 237 483 295 pietas
504 251 583 280 nec
607 237 828 294 Apollinis
849 237 990 280 infula
1012 236 1138 281 texit.
1418 237 1506 281 430

76 310 202 353 Iliaci
224 309 386 352 cineres
408 318 453 352 et
475 309 656 352 flamma
678 314 876 352 extrema
898 323 1111 364 meorum,

77 381 246 436 Testor,
270 381 318 423 in
341 396 497 424 occasu
519 386 663 423 vestro
685 396 765 424 nec
788 382 878 424 tela
899 395 979 424 nec
1002 382 1116 424 ullas

76 452 298 495 Vitavisse
320 453 433 495 vices
457 452 678 508 Danaum,
703 458 761 508 et,
787 453 823 496 si
843 453 936 495 fata
958 453 1160 508 fuissent,

78 523 144 566 Ut
169 523 381 578 caderem,
407 523 613 566 meruisse
634 538 783 567 manu.
851 523 1117 566 Divellimur
1138 523 1264 566 inde:

76 593 256 650 Iphitus
279 599 324 636 et
349 593 495 636 Pelias
516 608 706 650 mecum,
733 609 918 650 quorum
939 594 1119 651 Iphitus
1141 609 1247 637 aevo
1420 594 1509 637 435

76 665 106 708 J
109 680 182 707 am
203 665 388 722 gravior,
413 665 558 708 Pelias
582 670 626 708 et
648 666 827 708 vulnere
849 666 1004 708 tardus
1028 665 1156 708 Ulixi
1176 679 1187 720 3

79 737 286 779 Protinus
309 737 365 779 ad
388 737 507 779 sedes
531 735 697 779 Priami
719 737 905 779 clamore
928 736 1085 779 vocati.

169 808 255 850 Hic
278 822 376 850 vero
398 808 625 864 ingentem
647 823 856 864 pugnam,
881 822 961 850 ceu
983 812 1129 850 cetera
1150 821 1369 863 nusquam

79 879 205 921 Bella
226 879 384 934 forent,
407 879 522 921 nulli
542 884 639 921 tota
660 884 931 921 morerentur
952 879 998 921 in
1020 879 1141 934 urbe,

79 951 149 994 Sic
174 950 364 992 Martem
385 949 653 992 indomitum
677 949 940 1005 Danaosque
963 950 1020 991 ad
1043 954 1163 991 tecta
1184 954 1360 991 ruentes
1424 948 1511 992 440

79 1023 321 1078 Cernimus,
345 1022 655 1077 obsessumque
678 1026 778 1063 acta
800 1020 1025 1064 testudine
1047 1021 1193 1064 limen.

78 1094 275 1136 Haerent
298 1093 538 1150 parietibus
561 1092 717 1147 scalae,
742 1097 975 1148 postesque
999 1092 1080 1134 sub
1102 1091 1219 1148 ipsos

78 1165 301 1208 Nituntur
321 1164 540 1221 gradibus,
564 1163 810 1220 clipeosque
833 1157 889 1206 a'd
912 1163 1001 1206 tela
1024 1162 1211 1213 sinistris

79 1235 275 1279 Protecti
298 1235 523 1292 objiciunt,
548 1241 758 1292 prensant
780 1234 958 1291 fastigia
980 1235 1157 1278 dextris.

81 1307 363 1350 Dardanidae
384 1312 535 1350 contra
557 1312 696 1349 turres
720 1321 770 1349 ae
793 1311 915 1349 tecta
936 1307 1167 1349 domorum
1424 1305 1513 1350 445

81 1378 288 1421 Culmina
311 1377 590 1420 convellunt:
625 1376 695 1420 his
717 1391 776 1432 se,
802 1377 977 1433 quando
999 1376 1161 1419 ultima
1183 1381 1385 1432 cernunt,

79 1449 294 1491 Extrema
309 1448 404 1504 jam
425 1448 471 1490 in
493 1454 635 1491 morte
657 1453 817 1504 parant
839 1447 1071 1490 defendere
1094 1447 1209 1502 telis,

80 1521 360 1577 Auratasque
383 1521 544 1575 trabes,
569 1526 768 1562 veterum
791 1520 944 1562 decora
967 1519 1059 1561 alta
1081 1524 1332 1575 parentum,

82 1592 334 1634 Devolvunt
353 1606 364 1645 3
398 1591 475 1633 alii
498 1591 665 1634 strictis
687 1591 966 1633 mucronibus
989 1590 1101 1632 imas

81 1663 296 1706 Obsedere
318 1662 428 1705 fores
448 1676 457 1706 :
493 1662 574 1704 has
597 1666 771 1704 servant
796 1660 969 1717 agmine
992 1661 1136 1703 denso.
1425 1659 1515 1702 450

81 1733 327 1776 Instaurati
348 1733 497 1788 animi,
523 1733 633 1789 regis
658 1746 902 1775 succurrere
927 1731 1072 1787 tectis,

80 1804 350 1860 Auxilioque
372 1804 514 1846 levare
536 1803 662 1858 viros,
687 1803 862 1857 vimque
885 1802 1043 1844 addere
1065 1801 1210 1845 victis.

81 1871 235 1918 Limen
259 1880 352 1918 erat
375 1889 614 1931 caecaeque
636 1874 750 1917 fores
771 1878 816 1916 et
839 1873 1013 1930 pervius
1035 1888 1141 1916 usus

83 1946 322 1989 Tectorum
344 1945 461 1988 inter
482 1959 526 1988 se
549 1944 732 2000 Priami,
757 1949 990 2001 postesque
1013 1942 1154 1985 'relicti

81 2017 124 2060 A
146 2022 284 2074 tergo,
308 2016 463 2059 infelix
485 2030 572 2072 qua
594 2031 652 2069 se,
677 2017 785 2059 dum
806 2030 938 2072 regna
959 2015 1213 2070 manebant,
1428 2014 1517 2058 455

84 2088 266 2146 Saepius
288 2088 596 2131 Andromache
616 2088 725 2130 ferre
747 2087 1008 2130 incomitata
1031 2086 1197 2129 solebat

83 2159 158 2202 Ad
180 2174 358 2215 soceros,
383 2165 427 2202 et
450 2174 530 2201 avo
551 2173 737 2215 puerum
758 2158 1038 2213 Astyanacta
1060 2157 1274 2201 trahebat.

82 2231 236 2273 Evado
258 2230 314 2272 ad
332 2229 495 2273 summi
515 2229 694 2285 fastigia
715 2228 934 2283 culminis,
958 2229 1076 2270 unde

85 2301 194 2344 Tela
215 2315 353 2343 manu
374 2300 521 2343 miseri
536 2299 769 2355 jactabant
790 2298 913 2340 irrita
936 2298 1104 2340 Teucri.

86 2370 275 2427 Turrim,
298 2371 345 2413 in
367 2370 594 2427 praecipiti
619 2374 814 2412 stantem
837 2368 1105 2423 summisque
1129 2367 1210 2410 sub
1232 2371 1352 2409 astra
1429 2365 1519 2410 460

85 2441 310 2485 Eductam
331 2441 475 2496 tectis,
501 2441 616 2483 unde
640 2439 779 2482 omnis
802 2438 933 2494 Troja
954 2438 1092 2480 videri

85 2513 148 2556 Et
171 2513 381 2556 Danaum
403 2511 556 2555 solitae
578 2525 707 2553 naves
730 2515 774 2552 et
797 2509 993 2552 Achaica
1016 2513 1172 2564 castra,

90 2583 295 2641 Aggressi
315 2584 425 2626 ferro
449 2583 626 2637 circum,
653 2596 739 2638 qua
763 2595 936 2623 summa
956 2580 1160 2623 labantes
