1731 2923
615 130 839 161 AENEIDOS
870 129 957 159 LIB.
997 128 1075 158 VII.

125 240 481 297 Pampineasque
503 243 661 297 gerunt
683 237 901 280 incinctae
924 235 1112 293 pellibus
1133 234 1296 277 hastas.

127 312 231 369 Ipsa
254 312 370 354 inter
390 310 556 353 medias
578 309 839 365 flagrantem
860 305 1025 349 fervida
1047 306 1201 362 pinum

128 382 343 438 Sustinet,
368 396 417 424 ac
441 386 570 423 natae
594 378 818 434 Turnique
842 376 960 420 canit
982 376 1258 432 hymenaeos,

129 455 429 511 Sanguineam
451 457 660 507 torquens
683 449 833 504 aciem,
857 454 1119 503 torvumque
1142 450 1321 502 repente

128 525 332 569 Clamat:
371 523 397 544 “
415 524 464 565 Io
486 517 667 577 matres,¹
686 520 850 575 audite,
874 519 951 562 ubi
972 532 1186 574 quaeque,
1210 516 1421 559 Latinae!

128 596 157 616 ‘⁴
178 596 224 640 Si
247 610 334 651 qua
356 594 440 651 piis
462 592 619 635 animis
643 596 793 633 manet
815 589 1002 632 infelicis
1023 588 1214 631 Amatae

130 666 157 687 ‘⁶
178 666 349 721 Gratia,
376 665 410 707 si
427 664 538 720 juris
560 662 750 704 materni
774 676 877 704 cura
900 660 1116 703 remordet
1137 673 1147 713 3

130 736 157 758 ‘⁶
179 736 340 780 Solvite
364 734 546 777 crinales
568 733 716 787 vittas,
741 731 886 787 capite
910 730 1026 784 orgia
1049 732 1249 772 mecum!
1274 730 1298 745 '’

131 807 286 848 Talem
307 806 420 847 inter
442 804 587 858 silvas,
611 803 726 844 inter
748 803 920 844 deserta
942 801 1141 853 ferarum,

130 877 348 934 Reginam
371 876 543 917 Allecto
566 873 757 916 stimulis
779 871 871 928 agit
895 870 1088 925 undique
1111 869 1287 912 Bacchi.

222 947 466 1001 Postquam
488 943 581 985 visa
603 942 708 985 satis
730 941 890 998 primos
914 940 1079 982 acuisse
1101 939 1277 993 furores,

130 1016 456 1071 Consiliumque
479 1027 739 1069 omnemque
763 1013 945 1054 domum
965 1010 1143 1052 vertisse
1166 1008 1318 1051 Latini
1339 1023 1350 1062 3

131 1089 349 1131 Protenus
370 1086 471 1129 hinc
492 1084 628 1128 fuscis
650 1083 787 1126 tristis
809 1083 890 1124 dea
913 1080 1085 1123 tollitur
1107 1080 1186 1122 alis

131 1158 327 1202 Audacis
350 1157 509 1200 Rutuli
531 1156 587 1198 ad
609 1166 927 1209 muros‚-quam
951 1151 1112 1194 dicitur
1132 1151 1286 1193 urbem

131 1228 397 1271 Acrisioneis
421 1227 578 1269 Danae
602 1225 808 1267 fundasse
832 1222 1030 1278 colonis,-

134 1298 373 1355 Praecipiti
395 1297 543 1340 delata
566 1296 695 1338 Noto.
763 1293 907 1336 Locus
929 1293 1076 1335 Ardea
1099 1292 1320 1348 quondam

133 1370 291 1413 Dictus
314 1369 405 1412 avis
423 1384 432 1412 z
466 1374 511 1411 et
533 1382 651 1410 nunc
673 1380 885 1422 magnum
906 1369 1057 1406 manet
1080 1364 1227 1406 Ardea
1249 1377 1433 1418 nomen3

133 1442 218 1484 Sed
241 1441 416 1483 fortuna
438 1439 536 1482 fuit.
602 1436 752 1479 Tectis
774 1436 845 1479 hic
870 1435 1048 1477 Turnus
1070 1435 1117 1476 in
1139 1434 1242 1477 altis

133 1512 163 1554 J
167 1527 240 1554 am
262 1511 454 1554 mediam
477 1510 601 1565 nigra
623 1507 830 1564 carpebat
851 1511 978 1548 nocte
1000 1505 1195 1561 quietem
1218 1518 1228 1549 ε

132 1582 309 1624 Allecto
332 1587 502 1623 torvam
525 1579 682 1621 faciem
704 1583 748 1620 et
768 1576 942 1619 furialia
964 1575 1159 1617 membra

131 1652 272 1695 Exuit
291 1666 302 1706 ;
335 1651 382 1693 111
404 1651 553 1692 vultus
576 1663 666 1691 sese
689 1647 971 1690 transformat
993 1646 1143 1700 aniles,

132 1724 193 1766 Et
215 1723 405 1765 frontem
429 1721 656 1763 obscenam
678 1719 795 1775 rugis
817 1723 912 1760 arat
933 1731 944 1772 ;
977 1716 1123 1759 induit
1145 1716 1264 1758 albos

135 1795 248 1837 Cum
270 1793 386 1835 vitta
409 1792 561 1847 crines,
585 1796 685 1833 tum
706 1803 880 1832 ramum
901 1787 1087 1830 innectit
1110 1787 1247 1829 olivae
1269 1799 1281 1840 ;

131 1866 208 1908 Fit
234 1864 397 1920 Galybe
420 1863 451 1906 J
456 1861 610 1904 unonis
633 1875 743 1902 anus
765 1859 1007 1915 templique
1031 1857 1241 1912 sacerdos,

132 1937 192 1979 Et
210 1934 363 1991 juveni
386 1939 490 1976 ante
513 1932 658 1975 oculos
679 1930 747 1972 his
770 1944 814 1972 se
837 1943 939 1972 cum
961 1928 1139 1971 vocibus
1161 1926 1309 1970 offert:

133 2006 161 2028 ‘⁶
181 2006 342 2060 Turne,
366 2009 435 2046 tot
455 2003 678 2045 incassum
697 2001 815 2043 fusos
837 1999 1002 2055 patiere
1023 1998 1203 2053 labores,

135 2076 161 2098 “
181 2076 245 2118 Et
267 2080 347 2117 tua
370 2073 605 2116 Dardaniis
628 2070 880 2114 transscribi
902 2074 1075 2126 sceptra
1098 2068 1258 2111 colonis
1278 2068 1300 2110 Ρ

135 2147 162 2168 “
182 2147 280 2188 Rex
302 2145 385 2187 tibi
407 2142 662 2199 conjugium
683 2147 728 2184 et
750 2140 972 2196 quaesitas
995 2139 1207 2196 sanguine
1231 2138 1354 2180 dotes

136 2217 163 2237 “
181 2216 404 2270 Abnegat,
429 2218 724 2267 externusque
746 2211 793 2253 in
814 2224 998 2265 regnum
1019 2207 1397 2264 quaerit-urberes.

135 2288 163 2309 ‘⁴
183 2287 206 2330 Ι
229 2275 361 2340 nunc,
386 2283 569 2340 ingratis
592 2281 696 2324 offer
717 2286 775 2335 te,
799 2280 933 2334 irrise,
957 2278 1131 2335 periclis
1151 2292 1162 2331 ;

136 2358 163 2380 ⁴⁴
185 2357 444 2413 Tyrrhenas,
468 2354 497 2409 1,
522 2359 664 2396 sterne
689 2351 800 2393 acies
819 2364 829 2403 3
863 2355 962 2405 tege
984 2363 1090 2404 pace
1115 2346 1304 2390 Latinos.

138 2430 166 2450 “
188 2428 311 2471 Haec
335 2427 440 2469 adeo
462 2424 545 2468 tibi
566 2437 650 2478 me,
674 2421 849 2478 placida
870 2434 1010 2475 quum
1031 2423 1157 2460 nocte
1175 2417 1354 2473 jaceres,

137 2498 165 2520 ‘⁴
184 2498 289 2555 Ipsa
313 2497 462 2554 palam
481 2494 564 2538 fari
586 2492 858 2548 omnipotens
883 2488 1088 2533 Saturnia
1104 2487 1249 2543 jussit.

138 2569 166 2591 “
188 2569 330 2623 Quare
354 2581 448 2624 age,
474 2571 517 2608 et
540 2562 697 2608 armari
720 2562 882 2618 pubem
904 2559 1126 2616 portisque
1149 2557 1310 2600 moveri

1470 116 1557 159 159

1471 515 1560 557 400

1472 867 1561 911 405

1473 1219 1562 1262 410

1476 1573 1562 1616 415

1475 1924 1564 1968 420
