1757 2916
148 123 204 166 96
651 130 882 162 AENEIDos
915 129 1001 160 ΜΒ.
1038 129 1079 159 v.

154 241 182 262 “
198 241 333 284 Haud
357 240 560 297 equidem
585 240 675 283 sine
698 243 846 282 mente
870 253 973 293 reor,
999 237 1089 280 sine
1111 235 1293 278 numine
1315 234 1484 289 divum,

151 312 178 333 ‘⁶
196 312 438 366 Adsumus,
463 316 507 353 et
531 316 683 368 portus
705 310 841 352 delati
864 309 1079 351 intramus
1102 307 1263 349 amicos
1282 320 1290 349 :

153 384 182 404 “
201 384 316 440 Ergo
338 382 454 439 agite
473 389 517 424 et
539 383 709 424 laetum
731 380 881 423 cuncti
903 380 1170 422 celebremus
1193 378 1399 420 honorem
1422 391 1432 430 3

152 454 180 476 “
200 455 436 497 Poscamus
459 458 626 508 ventos,
646 458 779 507 atque
802 450 908 493 haec
932 465 1000 492 me
1024 464 1145 492 saera
1168 447 1405 505 quotannis

154 525 181 546 ‘⁶
201 525 322 568 Urbe
345 525 453 567 velit
476 524 621 581 posita
645 522 823 578 templis
846 521 929 564 sibi
951 520 1060 563 ferre
1082 520 1253 563 dicatis.
1531 517 1588 564 (50

152 596 181 617 ‘⁶
202 597 315 638 Bina
336 597 470 638 boum
492 595 613 637 vobis
638 592 768 648 Troja
790 597 1021 648 generatus
1044 591 1229 633 Acestes

153 668 180 690 ‘¹‘
201 669 293 710 Dat
316 681 498 710 numero
520 666 669 721 capita
690 665 737 707 in
760 678 919 707 naves:
955 663 1164 705 adhibete
1188 662 1379 704 Penates

154 739 183 762 “
201 740 262 783 Et
285 739 449 796 patrios
472 738 613 794 epulis
636 742 680 779 et
703 751 811 792 quos
834 735 937 778 colit
960 735 1116 791 hospes
1137 733 1333 776 Acestes.

155 810 185 832 “
200 811 447 865 Praeterea,
473 810 509 852 si
531 823 645 851 nona
666 807 784 851 diem
805 805 1067 849 mortalibus
1089 805 1260 847 almum

155 881 372 924 “Aurora
394 880 603 922 extulerit
627 878 848 934 radiisque
869 875 1078 920 retexerit
1101 875 1266 931 orbem,
1534 873 1591 916 65

156 951 184 973 ‘⁴
204 951 354 994 Prima
377 951 491 994 citae
516 949 694 993 Teucris
717 962 879 1006 ponam
902 946 1146 990 certamina
1168 945 1347 998 classis3

157 1022 187 1043 ‘⁶
208 1022 381 1078 Quique
404 1023 569 1078 pedum
592 1034 721 1063 eursu
742 1019 875 1074 valet,
900 1023 944 1060 et
968 1017 1045 1073 qui
1066 1017 1231 1059 viribus
1253 1016 1401 1058 audax

157 1093 186 1114 ‘⁶
205 1093 302 1136 Aut
319 1093 467 1149 jaculo
490 1091 656 1134 incedit
680 1089 830 1132 melior
851 1088 1109 1144 levibusque
1134 1086 1327 1143 sagittis,

158 1164 185 1184 ‘⁶
206 1165 293 1208 Seu
315 1164 448 1206 crudo
470 1163 568 1205 fidit
591 1176 788 1219 pugnam
810 1159 1086 1203 committere
1109 1164 1257 1202 cestu:

158 1235 187 1257 ‘⁶
204 1235 368 1280 Cuncti
385 1235 548 1290 adsint,
564 1233 833 1288 meritaeque
851 1235 1106 1288 exspectent
1122 1228 1313 1286 praemia
1331 1227 1516 1285 palmae.
1534 1224 1593 1271 70

158 1308 186 1330 ‘'‘
209 1307 294 1351 Ore
315 1307 461 1349 favete
485 1308 700 1358 omneset
724 1303 887 1360 cingite
911 1308 1113 1358 tempora
1136 1300 1309 1343 ramis.''

160 1379 230 1424 Sic
253 1379 388 1433 fatus,
415 1377 531 1418 velat
552 1381 751 1418 materna
774 1379 975 1430 tempora
997 1377 1151 1428 myrto.

157 1450 256 1492 Hoc
280 1448 497 1504 Helymus
518 1446 639 1501 facit,
662 1446 743 1487 hoc
769 1443 864 1486 aevi
886 1448 1085 1485 maturus
1107 1442 1308 1497 Acestes,

159 1521 256 1563 Hoc
279 1534 387 1576 puer
410 1517 645 1570 Ascanius,
671 1515 869 1571 sequitur
891 1528 999 1570 quos
1022 1518 1167 1556 cetera
1188 1513 1338 1570 pubes.

158 1590 241 1634 Ille
266 1606 287 1633 e
311 1589 494 1633 coneilio
517 1586 671 1629 multis
694 1600 797 1629 cum
819 1584 1018 1628 millibus
1040 1584 1136 1627 ibat
1537 1579 1596 1627 75

158 1662 231 1705 Ad
253 1661 493 1705 tumulum.
520 1672 682 1715 magna
704 1656 876 1700 medius
898 1655 1139 1700 comitante
1162 1658 1349 1698 caterva.
1390 1676 1398 1685 ·

158 1733 244 1776 Hic
267 1733 354 1775 duo
376 1731 459 1774 rite
483 1744 603 1773 mero
625 1729 768 1773 libans
790 1727 1007 1772 carchesia
1032 1726 1205 1770 Baccho

158 1805 329 1847 Fundit
351 1803 493 1858 humi,
518 1803 606 1845 duo
628 1802 743 1845 lacte
764 1814 890 1856 novo,
914 1800 1000 1842 duo
1023 1797 1236 1854 sanguine
1260 1810 1394 1851 sacro,

159 1875 498 1930 Purpureosque
516 1872 627 1929 jacit
649 1872 790 1926 flores,
814 1885 865 1913 ac
887 1870 997 1912 talia
1018 1869 1161 1912 fatur:
1517 1917 1522 1921 ‚

161 1944 188 1965 “
210 1944 354 1998 Salve,
378 1949 530 1986 sancte
553 1955 734 1999 parens;
769 1941 929 1983 iterum
952 1941 1131 1994 salvete,
1157 1937 1323 1995 recepti
1538 1935 1597 1978 80

161 2015 189 2036 “
211 2014 529 2070 Nequidquam
552 2013 713 2055 cineres
735 2012 993 2067 animaeque
1016 2010 1283 2065 umbraeque
1307 2013 1519 2065 paternae
1539 2010 1547 2051 1

162 2086 187 2106 “
208 2086 309 2128 Non
333 2085 461 2127 licuit
485 2084 592 2126 fines
616 2083 757 2126 Italos
778 2081 1020 2138 fataliaque
1044 2096 1161 2136 arva,

162 2157 188 2178 “
202 2157 296 2200 Nec
313 2163 462 2198 tecum
473 2154 736 2209 Ausonium⁷
749 2153 1015 2210 quicumque
1031 2157 1111 2207 est⁷
1123 2165 1328 2208 quaerere
1342 2150 1377 2192 T
1386 2149 1597 2206 hyb1·im.''

162 2228 350 2272 Dixerat
372 2227 496 2282 haee,
521 2225 667 2281 adytis
690 2238 828 2280 quum
848 2224 1040 2266 lubricus
1062 2223 1219 2279 anguis
1241 2222 1296 2264 ab
1319 2221 1418 2264 imis

163 2300 343 2355 Septem
369 2297 522 2353 ingens
544 2310 684 2353 gyros,
709 2299 891 2350 septena
913 2294 1138 2336 volumina
1159 2292 1312 2349 traxit,
1540 2291 1598 2335 85

161 2369 412 2426 Amplexus
436 2367 605 2424 placide
627 2365 865 2419 tumulum,
889 2365 1126 2420 lapsusque
1149 2377 1226 2420 per
1247 2377 1356 2418 aras,

163 2439 404 2484 Caeruleae
428 2437 500 2481 cui
522 2443 646 2493 terga
668 2440 813 2490 notae,
841 2435 1087 2477 maculosus
1111 2439 1155 2476 et
1179 2448 1283 2475 auro

164 2512 409 2569 Squamam
431 2508 694 2552 incendebat
715 2507 869 2563 fulgor,
894 2521 973 2548 eeu
996 2505 1187 2548 nubibus
1213 2519 1337 2548 arcus

165 2583 288 2626 Mine
306 2581 418 2639 jacit
440 2579 579 2623 varios
601 2579 780 2622 adverso
803 2577 888 2621 sole
911 2577 1081 2620 colores.
1131 2599 1135 2602 ⁴
