1731 2923
560 159 790 190 AENEIDOS
826 161 914 192 Lm.
949 161 1016 193 111.
1454 151 1512 194 53

76 267 167 311 Vix
187 283 239 311 ea
259 268 379 310 fatus
401 282 520 310 eram
540 282 551 323 ;
586 273 770 311 tremere
793 268 940 311 omnia
961 269 1053 312 visa
1075 274 1270 326 repente,
1456 270 1513 313 90

75 338 334 395 Liminaque
356 339 593 395 laurusque
616 339 700 394 dei,
722 344 933 396 totusque
957 341 1121 383 moveri

74 408 202 452 Mons
225 409 401 465 circum,
427 414 472 452 et
496 409 665 466 mugire
689 411 834 466 adytis
857 411 1026 454 cortina
1049 411 1238 455 reclusis.

77 481 289 524 Submissi
310 481 504 538 petimus
528 487 703 537 terram,
728 487 774 524 et
796 497 882 525 vox
903 482 1043 526 fertur
1064 484 1122 526 ad
1145 497 1298 527 aures:

77 552 104 573 “
125 553 406 596 Dardanidae
429 553 542 609 duri,
567 568 679 609 quae
701 569 777 596 vos
800 569 825 596 a
848 554 984 611 stirpe
1006 560 1243 612 parentum

77 622 103 643 ‘⁴
124 623 274 666 Prima
297 624 402 666 tulit
425 624 571 679 tellus,
597 625 751 667 eadem
773 640 848 668 vos
869 626 1002 668 ubere
1023 626 1142 669 laeto
1457 626 1513 668 95

78 693 105 714 ‘⁴
124 694 327 750 Accipiet
350 695 554 738 reduces:
590 695 821 751 antiquam
844 696 1063 752 exquirite
1087 702 1291 740 matrem.

78 765 104 785 ‘⁶
123 765 208 808 Hic
231 766 386 808 domus
408 765 584 808 Aeneae
607 766 781 809 cunctis
803 766 1107 810 dominabitur
1128 767 1229 823 oris,

78 836 104 857 “
122 836 184 879 Et
207 836 304 879 nati
324 842 545 892 natorum,
570 842 614 879 et
637 837 715 893 qui
736 843 972 880 nascentur
994 838 1049 880 ab
1071 838 1200 882 illis.”

77 907 198 949 Haec
221 906 439 962 Phoebus,
463 907 692 962 mixtoque
713 907 867 963 ingens
889 913 1042 950 exorta
1064 908 1268 951 tumultu

76 976 284 1033 Laetitia,
307 981 352 1019 et
374 976 536 1032 cuncti,
562 991 681 1033 quae,
699 976 788 1020 sint
810 992 861 1019 ea
882 977 1067 1033 moenia,
1092 983 1327 1034 quaerunt,
1425 979 1513 1021 100

78 1048 174 1102 Quo
197 1047 400 1090 Phoebus
420 1053 546 1091 vocet
567 1052 758 1091 errantes
775 1047 1018 1105 jubeatque
1043 1049 1211 1092 reverti.

79 1119 195 1161 Tum
218 1118 400 1176 genitor,
423 1124 625 1162 veterum
645 1119 823 1162 volvens
845 1125 1136 1162 monumenta
1157 1119 1365 1175 virorum,

79 1189 107 1212 ‘⁴
123 1190 307 1246 Audite,
332 1206 356 1233 ο
378 1192 618 1247 proceres,”
640 1190 704 1233 ait
729 1190 756 1211 ‘⁶
775 1195 819 1233 et
843 1205 940 1247 spes
964 1190 1119 1233 discite
1141 1196 1320 1235 vestras.

80 1260 108 1282 ‘⁴
126 1260 256 1304 Creta
277 1262 402 1305 Jovis
424 1262 575 1319 magni
596 1262 738 1305 medio
755 1261 874 1319 jacet
895 1262 1041 1305 insula
1062 1267 1211 1319 ponto,

81 1331 108 1353 ‘⁶
127 1332 253 1375 Mons
275 1333 436 1376 Idaeus
457 1333 534 1376 ubi
555 1338 599 1376 et
621 1333 765 1390 gentis
788 1334 1009 1377 cunabula
1030 1338 1204 1376 nostrae
1221 1347 1233 1388 3
1424 1333 1511 1378 105

81 1403 108 1424 “
128 1403 320 1447 Centum
341 1405 469 1447 urbes
490 1404 696 1447 habitant
718 1419 915 1461 magnas,
939 1404 1160 1447 uberrima
1182 1419 1316 1461 regna
1336 1419 1345 1448 :

81 1474 108 1495 “
127 1475 353 1518 Maximus
375 1476 491 1518 unde
514 1480 656 1532 pater,
683 1476 720 1518 si
741 1475 824 1518 rite
848 1475 1005 1518 audita
1028 1476 1241 1530 recordor,

81 1544 109 1566 “
129 1545 322 1588 Teucrus
345 1545 565 1589 Rhoeteas
585 1546 780 1603 primum
802 1551 867 1587 est
890 1546 1104 1587 advectus
1125 1545 1182 1587 ad
1204 1560 1317 1600 oras,

83 1615 110 1636 ‘⁶
129 1615 402 1672 Optavitque
422 1615 569 1659 locum
590 1630 732 1672 regno.
797 1615 1008 1657 Nondum
1032 1615 1169 1657 Ilium
1192 1620 1236 1657 et
1259 1629 1380 1657 arces

84 1686 111 1707 ‘⁶
130 1687 397 1743 Pergameae
421 1691 636 1730 steterant
656 1700 668 1740 3
702 1685 969 1728 habitabant
990 1685 1180 1728 vallibus
1202 1685 1312 1729 imis.
1426 1684 1516 1728 110

83 1757 110 1778 ‘⁶
126 1757 244 1800 Hinc
266 1761 407 1800 mater
427 1758 592 1800 cultrix
615 1756 818 1813 Cybelae,
845 1755 1199 1812 Corybantiaque
1222 1770 1334 1812 aera,

84 1828 111 1849 ‘⁶
130 1828 406 1885 Idaeumque
427 1842 583 1871 nemus
603 1842 614 1883 3
646 1828 748 1870 hinc
770 1827 860 1870 fida
883 1827 1058 1870 silentia
1080 1827 1224 1882 sacris,

84 1898 112 1920 ‘⁶
128 1899 191 1941 Et
209 1898 354 1955 juncti
376 1913 552 1941 currum
573 1897 774 1941 dominae
797 1896 964 1940 subiere
986 1897 1143 1940 leones.
1193 1940 1199 1946 ,

85 1967 112 1989 “
130 1968 246 2026 Ergo
268 1968 386 2024 agite
408 1974 466 2025 et,
491 1969 643 2012 divum
664 1969 837 2010 ducunt
862 1981 950 2023 qua
967 1967 1105 2024 jussa,
1131 1981 1377 2023 sequamur,

85 2039 113 2060 ‘⁴
129 2039 363 2082 Placemus
387 2044 553 2095 ventos,
579 2044 624 2082 et
647 2038 813 2082 Gnosia
834 2053 968 2095 regna
990 2043 1197 2094 petamus
1220 2042 1229 2082 ἓ
1431 2039 1517 2083 115

85 2109 112 2130 “
127 2109 220 2152 Nec
242 2109 370 2166 lengo
393 2110 562 2152 distant
583 2123 737 2153 cursu:
772 2110 900 2151 modo
921 2108 1104 2165 Jupiter
1127 2109 1261 2165 adsit,

86 2181 112 2202 ‘⁴
133 2181 282 2223 Tertia
302 2181 381 2222 lux
403 2181 586 2223 classem
610 2179 803 2223 Cretaeis
827 2179 955 2222 sistet
978 2180 1024 2221 in
1047 2180 1171 2222 oris.''

87 2253 156 2296 Sic
178 2253 311 2307 fatus,
334 2251 511 2293 meritos
533 2251 618 2293 aris
641 2250 856 2292 mactavit
877 2250 1073 2304 honores,

86 2325 290 2367 Taurum·
307 2321 532 2378 Neptuno,
555 2326 735 2363 taurum
758 2319 854 2375 tibi,
878 2319 1060 2376 pulcher
1082 2319 1259 2375 Apollo,

87 2395 272 2451 Nigram
294 2392 445 2435 Hiemi
466 2392 692 2449 pecudem,
718 2390 929 2447 Zephyris
951 2389 1152 2432 felicibus
1175 2389 1335 2434 albam.
1433 2392 1521 2433 120

176 2465 319 2508 Fama
339 2464 472 2520 volat,
496 2463 675 2520 pulsum
697 2462 841 2519 regnis
864 2461 1042 2504 cessisse
1064 2461 1261 2517 paternis

88 2536 323 2579 Idomenea
345 2536 515 2591 ducem,
539 2535 798 2589 desertaque
820 2533 949 2576 litora
974 2532 1145 2588 Cretae,

90 2604 230 2650 Hoste
251 2620 405 2649 vacare
427 2606 592 2661 domos,
617 2604 825 2660 sedesque
847 2603 1024 2646 adstare
1047 2602 1234 2646 relictas.
