1778 2937
233 106 291 149 22
749 120 980 151 AENE1Dos
1011 121 1098 152 ΜΒ.
1134 121 1161 152 1.

232 226 408 285 Viginti
429 231 595 283 tauros,
619 242 881 286 magnorum
904 229 1125 273 horrentia
1143 234 1323 272 eentum

233 298 375 355 Terga
397 313 541 355 suum,
566 299 752 357 pingues
774 306 956 350 centum
977 316 1080 344 cum
1102 301 1319 344 matribus
1343 315 1496 358 agnos,

235 369 423 413 Munera
444 370 753 427 laetitiamque
775 371 848 415 dii.
899 376 908 392 ³

233 440 298 483 At
321 431 476 483 domus
498 441 677 483 interior
698 441 835 498 regali
857 442 1087 498 splendida
1109 443 1220 486 luxu

167 568 171 571 Ἴ
234 511 490 568 Instruitur,
509 512 750 569 mediisque
773 518 934 569 parant
957 514 1155 557 convivia
1177 515 1335 558 tectis:

234 582 347 625 Arte
370 583 592 626 laboratae
615 589 758 626 vestes
781 589 983 640 ostroque
1006 585 1206 641 superbo,
1341 585 1347 591 “

234 654 395 711 Ingens
417 659 652 710 argentum
673 654 849 709 mensis,
874 655 1130 711 caelataque
1153 655 1200 697 in
1222 670 1327 698 auro

232 724 386 768 Fortia
407 725 528 767 faeta
549 730 743 781 patrum,
768 726 895 785 series
917 725 1172 783 longissima
1194 740 1340 768 rerum

233 797 319 839 Per
341 802 407 839 tot
430 797 568 839 ducta
589 795 702 839 viros
723 796 933 854 antiqstae
956 797 1013 853 ab
1013 797 1201 864 ‘prigine
1223 797 1380 854 gentis.

231 868 570 924 Aeneas-neque
593 867 712 910 enim
733 868 904 925 patrius
925 864 1158 919 consistere
1173 873 1371 912 mentem

232 939 395 982 Passus
417 938 768 996 amor-rapidum
789 939 846 982 ad
867 953 999 982 naves
1020 934 1274 996 praemittit
1295 939 1519 996 Achaten,

231 1010 424 1053 Ascanio
445 1010 557 1053 ferat
579 1009 703 1067 haec,
727 1009 963 1067 ipsumque
986 1011 1043 1054 ad
1064 1011 1239 1054 moenia
1262 1011 1398 1054 ducat
1417 1026 1426 1056 :

233 1080 387 1138 Omnis
409 1080 456 1123 in
477 1080 668 1123 Ascanio
691 1081 780 1124 cari
801 1086 893 1124 stat
915 1096 1021 1124 cura
1041 1082 1246 1139 parentis.

233 1151 418 1194 Munera
439 1156 664 1208 praeterea
686 1151 836 1195 Iliacis
858 1158 1011 1209 erepta
1032 1153 1169 1197 ruinis
1204 1172 1212 1196 ³¹

232 1220 365 1264 Ferre
382 1222 526 1279 jubet,
552 1223 719 1279 pallam
742 1224 875 1280 signis
897 1238 1091 1280 auroque
1115 1224 1344 1281 rigentem,

232 1293 295 1335 Et
317 1293 660 1336 circumtextum
682 1309 827 1337 croceo
848 1296 1051 1338 velamen
1073 1296 1276 1352 acantho,

235 1363 432 1407 Ornatus
454 1364 646 1421 Argivae
668 1364 880 1421 Helenae,
905 1381 1012 1422 quos
1034 1366 1111 1409 illa
1134 1366 1344 1423 Mycenis,

233 1434 451 1491 Pergama
474 1449 613 1490 quum
635 1440 804 1491 peteret
827 1437 1185 1493 inconcessosque
1209 1437 1503 1494 Hymenaeos,

232 1492 485 1561 Extulerat2
510 1507 663 1549 matris
686 1507 834 1549 Ledae
856 1507 1055 1550 mirabile
1079 1508 1273 1563 donum3

233 1575 467 1618 Praeterea
490 1581 730 1633 sceptrum,
756 1577 896 1620 Ilione
920 1579 1038 1634 quod
1060 1584 1252 1635 gesserat
1275 1579 1395 1636 olim,

233 1646 432 1688 Maxima
453 1652 664 1689 natarum
688 1647 873 1704 Priami,
898 1649 1094 1706 colloque
1116 1650 1279 1693 monile

233 1706 492 1781 Bacfatum,
518 1724 562 1761 et
585 1719 807 1776 duplicem
828 1720 1014 1777 gemmis
1036 1735 1228 1778 auroque
1250 1736 1464 1766 coronam.

234 1788 357 1832 Haec
382 1790 573 1832 celerans
595 1790 679 1832 iter
700 1791 757 1833 ad
779 1806 913 1835 naves
936 1792 1147 1835 tendebat
1170 1792 1380 1837 Achates.

321 1859 388 1902 At
413 1859 632 1915 Cytherea
654 1875 787 1904 novas
809 1868 938 1918 artes,
963 1877 1076 1906 nova
1097 1868 1273 1919 pectore
1294 1870 1439 1908 versat

234 1929 438 1985 Consilia,
462 1935 515 1973 ut
535 1930 694 1973 faciem
715 1938 917 1976 mutatus
940 1939 984 1976 et
1007 1949 1080 1977 ora
1104 1934 1277 1992 Cupido

233 2000 317 2043 Pro
340 2001 459 2043 dulei
481 2001 672 2044 Ascanio
694 2003 858 2060 veniat,
883 2005 1095 2062 donisque
1116 2005 1339 2048 furentem

233 2070 457 2115 Incendat-
471 2072 667 2129 reginam
689 2079 824 2130 atque
847 2076 1015 2120 ossibus
1037 2076 1239 2135 implicet
1261 2077 1435 2134 ignem:

234 2142 406 2200 Quippe
428 2144 609 2186 domum
631 2144 762 2187 timet
785 2146 1042 2203 ambiguam
1064 2147 1305 2205 Tyriosque
1327 2149 1557 2208 bilingues.

234 2214 340 2257 Urit
363 2220 491 2257 atrox
511 2214 648 2272 June,
672 2220 717 2259 et
741 2216 824 2259 sub
847 2223 1021 2260 noctem
1044 2233 1150 2261 cura
1172 2225 1380 2264 recursat.

232 2284 348 2341 Ergo
365 2285 433 2328 his
456 2285 669 2343 aligerum
691 2287 820 2330 dictis
843 2287 1006 2331 affatur
1028 2289 1239 2332 Amorem
1257 2304 1267 2335 z

235 2356 266 2378 “
285 2357 420 2413 Nate,
445 2372 568 2400 meae
590 2358 714 2412 vires,
738 2373 836 2401 mea
859 2374 1020 2417 magna
1043 2361 1256 2418 potentia,
1281 2363 1412 2415 solus,

234 2427 261 2449 ‘⁸'
279 2427 412 2484 Nate,
437 2428 577 2486 patris
600 2430 763 2472 summi
785 2430 861 2486 qui
883 2431 971 2472 tela
995 2430 1196 2488 Typhoia
1219 2433 1395 2489 temnis,

235 2498 260 2519 “
279 2500 352 2542 Ad
377 2505 419 2542 te
443 2500 645 2557 confugio
667 2506 711 2543 et
734 2501 922 2558 supplex
945 2507 1025 2544 tua
1047 2503 1230 2546 numina
1253 2519 1393 2561 posco.
1421 2547 1426 2554 ,

233 2570 259 2590 “
281 2570 436 2614 Frater
457 2576 509 2614 ut
531 2571 703 2615 Aeneas
725 2573 881 2631 pelago
904 2579 1008 2617 tuus
1031 2575 1177 2618 omnia
1200 2575 1367 2620 circum

1583 301 1671 346 635

1586 656 1672 699 640

1585 1010 1672 1056 645

1583 1367 1671 1411 650

1583 1724 1670 1768 655

1583 2080 1670 2123 660

1582 2435 1668 2479 665
