1757 2916
160 128 216 171 86
389 150 392 154 ·
645 135 875 166 AENmnos
908 134 995 165 Lm.
1031 134 1093 164 1v.

158 247 395 303 Multaque
420 251 642 303 praetcrea
665 249 824 298 vatum
845 241 1072 300 praedicta
1093 241 1288 298 priorum
1472 289 1493 304 ο

159 318 362 362 Terribili
383 317 556 360 monitu
577 316 840 359 horrificant.
906 314 1017 371 Agit
1039 313 1131 370 ipse
1153 312 1373 355 furentem
1493 309 1600 354 ’465

158 390 213 433 In
236 390 398 434 somnis
419 389 536 431 ferus
559 388 747 442 Aeneas,
768 399 1027 442 semperque
1050 383 1238 440 relinqui

159 460 262 504 Sola
286 459 380 515 sibi,
406 473 576 515 semper
597 458 775 512 longam
796 455 1060 498 incomitata
1081 454 1258 497 videtur

159 531 227 575 Ire
249 531 366 573 viam
389 536 434 573 et
458 529 611 586 Tyrios
634 529 809 570 deserta
831 540 1038 583 quaerere
1061 532 1202 569 terra:

158 602 459 646 Eumenidum
480 600 621 643 veluti
643 600 823 642 demens
846 597 968 640 videt
991 597 1170 654 agmina
1192 596 1436 651 Pentheus,

158 675 220 718 Et
245 674 379 717 solem
395 672 623 729 geminum
645 675 690 712 et
712 669 912 725 duplices
936 683 980 711 se
1004 668 1233 710 ostendere
1258 666 1462 720 Thebas3
1511 663 1600 709 470

159 745 256 788 Aut
279 741 657 800 Agamemnonius
681 740 818 783 scenis
841 739 1038 797 agitatus
1064 738 1256 794 Orestes,

159 816 398 858 Armatam
420 812 592 855 facibus
614 816 803 854 matrem
826 815 870 853 et
894 809 1170 867 serpentibus
1192 808 1299 851 atris

160 886 307 939 Quum
328 884 459 941 fugit,
483 882 750 939 ultricesque
774 882 928 926 sedent
951 881 999 923 in
1019 880 1172 924 limine
1196 879 1342 923 Dirae.

160 957 275 1014 Ergo
298 956 377 999 ubi
397 955 598 1012 concepit
619 954 770 1010 furias,
794 953 938 996 evicta
960 953 1121 1008 dolore,

160 1028 456 1084 Decrevitque
492 1026 622 1082 mori>
653 1030 833 1081 tempus
855 1038 1004 1067 secum
1027 1022 1124 1080 ipsa
1145 1022 1417 1078 modumque
1510 1019 1600 1066 475

160 1099 317 1157 Exigit
339 1104 399 1154 et,
424 1101 641 1140 maestam
663 1096 796 1139 dictis
817 1109 1020 1153 aggressa
1043 1108 1245 1150 sororem,

162 1170 407 1214 Consilium
429 1168 561 1211 vultu
582 1167 697 1224 tegit
719 1181 770 1209 ac
793 1181 918 1223 spem
938 1165 1080 1208 fronte
1103 1169 1276 1208 serenat
1295 1179 1304 1209 ε

162 1241 189 1262 “
207 1240 379 1296 Inveni,
404 1253 626 1296 germana,
650 1238 966 1294 viam—gratare
989 1235 1154 1292 sorori—³

163 1311 189 1332 ‘⁶
210 1311 331 1366 Quae
353 1310 463 1352 mihi
485 1310 640 1352 reddat
664 1322 781 1364 eum,
805 1308 876 1350 vel
898 1322 947 1351 eo
968 1322 1038 1350 me
1062 1307 1201 1350 solvat
1224 1310 1463 1350 amantem.

165 1383 191 1404 ‘⁴
211 1381 375 1427 Oceani
396 1381 529 1423 finem
546 1380 681 1436 juxta
703 1380 926 1435 solemque
948 1379 1182 1421 cadentem
1513 1376 1602 1420 480

164 1454 192 1475 ‘⁴
211 1453 412 1497 Ultimus
435 1451 711 1506 Aethiopum
731 1451 851 1492 locus
873 1454 954 1506 est,
979 1449 1057 1492 ubi
1078 1448 1298 1492 maximus
1319 1448 1451 1491 Atlas

164 1524 191 1545 “
206 1524 352 1566 Axem
373 1523 557 1564 humero
579 1525 758 1576 torquet
781 1519 918 1562 stellis
940 1519 1195 1562 ardentibus
1218 1524 1402 1576 aptum:

164 1595 190 1616 “
209 1594 327 1637 Hinc
350 1593 461 1636 mihi
483 1592 700 1648 Massylae
722 1591 867 1648 gentis
889 1595 1136 1633 monstrata
1159 1590 1369 1646 sacerdos,

164 1666 192 1687 ‘⁶
212 1665 511 1722 Hesperidum
534 1663 690 1721 templi
712 1668 873 1718 custos,
898 1662 1138 1719 epulasque
1162 1661 1341 1704 draconi

164 1737 190 1759 ‘⁶
211 1738 332 1791 Quae
355 1737 492 1780 dabat
515 1740 560 1778 et
583 1750 723 1778 sacros
746 1734 948 1778 servabat
970 1733 1018 1776 in
1040 1733 1189 1776 arbore
1212 1747 1369 1789 ramos,
1514 1731 1604 1776 485

165 1809 191 1831 ‘⁴
213 1809 429 1866 spargens
451 1806 636 1850 humida
656 1806 789 1849 mella
812 1805 1182 1862 soporiferumque
1204 1818 1410 1861 papaver.

165 1881 192 1901 ‘⁶
211 1880 334 1922 Haec
359 1893 402 1922 se
426 1878 692 1921 carminibus
713 1876 937 1934 promittit
960 1876 1120 1919 solvere
1143 1880 1330 1932 mentes,

166 1952 193 1972 ‘⁶
213 1951 331 2004 Quas
352 1950 473 2005 velit,
497 1954 566 1992 ast
589 1948 687 1991 aliis
709 1948 840 1991 duras
862 1947 1102 1990 immittere
1126 1961 1267 2002 curas,

166 2021 194 2043 “
216 2021 377 2066 Sistere
400 2034 563 2076 aquam
584 2019 729 2062 fluviis
752 2023 797 2061 et
821 2023 986 2061 vertere
1010 2018 1150 2061 sidera
1171 2023 1298 2074 retro,

167 2092 194 2113 ‘⁶
213 2092 550 2148 Nocturnosque
574 2090 661 2133 ciet
684 2090 838 2133 Manes
855 2103 865 2144 3
899 2090 1068 2147 mugire
1089 2089 1258 2132 videbis
1515 2089 1606 2134 490

169 2164 196 2185 “
223 2164 313 2208 Sub
336 2163 521 2220 pedibus
544 2167 709 2204 terram
732 2166 777 2203 ct
799 2162 1058 2204 descendere
1080 2161 1306 2204 montibus
1330 2176 1466 2205 ornos.

169 2235 194 2255 ‘⁶
216 2235 387 2289 Testor,
412 2248 525 2289 cara,
549 2233 650 2276 deos
673 2237 718 2275 ct
741 2237 798 2287 te,
825 2247 1047 2289 germana,
1073 2237 1289 2288 tuumque

169 2307 194 2326 ‘⁴
215 2306 357 2349 Dulce
381 2310 532 2362 caput,
555 2304 749 2361 magicas
772 2303 959 2346 invitari}
981 2304 1200 2360 accingier
1222 2309 1349 2347 artes.

170 2377 198 2398 ‘⁶
219 2377 289 2420 Tu
312 2383 478 2420 secreta
500 2390 652 2433 pyram
676 2380 794 2418 tecto
818 2375 1018 2417 interiore
1043 2376 1124 2418 sub
1147 2389 1273 2417 auras

171 2447 198 2469 “
217 2448 360 2505 Erige,
385 2454 429 2491 et
452 2453 574 2490 arma
595 2446 689 2502 Viri,
716 2446 913 2489 thalamo
937 2461 1048 2501 quae
1071 2446 1160 2488 fixa
1182 2445 1360 2501 reliquit
1515 2445 1602 2490 495

173 2519 198 2541 ‘⁶
217 2520 402 2577 Impius,
421 2518 686 2574 exuviasque
710 2531 857 2559 omncs
880 2509 1132 2573 lectumque
1150 2516 1362 2573 jugalem,

177 2591 199 2620 '⁸‘
219 2592 314 2646 Quo
337 2590 459 2648 perii,
485 2589 838 2646 superimponas:
875 2588 1044 2630 abolere
1066 2587 1243 2630 nefandi
