1757 2916
118 120 204 161 132
603 131 836 161 AENEIDOS
870 132 955 161 LIB.
992 131 1052 161 Π.

117 239 143 260 “
163 240 312 296 Ipsius
334 254 360 282 a
384 240 489 282 solio
513 239 638 297 regis,
658 240 885 296 traxitque
911 244 1174 282 trementem
1193 253 1204 292 3

117 311 144 331 ‘⁶
160 311 222 353 Hi
243 311 470 354 dominam
494 311 615 354 Ditis
638 311 837 354 thalamo
860 311 1075 353 deducere
1099 309 1284 354 adorti.”

117 383 237 437 Quae
260 389 411 426 eontra
433 382 624 426 breviter
644 383 739 425 fata
763 388 829 424 est
852 381 1122 438 Amphrysia
1145 386 1293 426 vates:

117 454 144 475 “
162 455 325 497 Nullae
348 455 418 498 hic
441 454 627 497 insidiae
650 453 950 496 tales-absiste
973 453 1172 509 moveri-3

117 525 144 548 “
161 526 256 569 Nec
280 527 370 569 vim
392 527 482 569 tela
502 526 652 569 ferunt
673 539 684 570 :
718 526 823 568 licet
845 525 1000 582 ingens
1016 524 1184 581 janitor
1209 530 1336 567 antro
1472 524 1560 566 408

116 596 411 640 “Aeternum
433 598 602 640 latrans
626 611 868 653 exsangues
890 601 1054 638 terreat
1076 596 1256 638 umbras
1276 610 1287 650 3

117 668 144 689 ‘⁶
164 669 298 712 Casta
320 669 424 711 licet
447 668 598 725 patrui
621 673 762 710 servet
786 666 1049 723 Proserpina
1070 666 1215 710 limen.

116 740 143 760 ‘⁴
164 741 322 783 Troius
344 740 534 795 Aeneas,
559 739 728 796 pietate
749 738 933 795 insignis
957 744 1002 781 et
1025 738 1173 794 armis,

116 812 143 832 ‘'‘
168 811 241 853 Ad
265 811 510 867 genitorem
532 810 646 853 imas
669 810 803 852 Erebi
825 810 1052 852 descendit
1075 810 1132 852 ad
1154 809 1364 852 umbras·

116 882 145 902 a<
167 882 214 926 Si
238 887 281 924 te
306 882 430 924 nulla
452 887 600 924 movet
623 886 775 924 tantae
797 881 978 938 pietatis
1000 881 1145 938 imago
1163 895 1173 935 3
1474 879 1563 924 405

116 954 143 974 ‘⁶
159 954 224 996 At
248 969 420 996 ramum
442 953 559 996 hunc
577 953 769 1010 ”-aperit
792 968 980 1009 ramum,
1006 952 1082 1009 qui
1104 958 1227 995 veste
1249 953 1441 995 latebat-

117 1025 146 1046 “
167 1025 436 1082 Agnoseas.''
503 1024 697 1067 Tumida
719 1039 775 1067 ex
796 1025 859 1066 ira
882 1029 980 1066 tum
1004 1024 1132 1067 eorda
1154 1024 1364 1068 residunt.

116 1097 210 1139 Nec
234 1098 363 1153 plura
384 1096 464 1140 his.
530 1096 612 1138 Ille
635 1096 857 1138 admirans
879 1095 1128 1138 venerabile
1150 1096 1317 1138 donum

115 1166 287 1211 Fatalis
310 1167 470 1224 virgae,
495 1167 624 1223 longo
647 1171 747 1223 post
771 1172 966 1223 tempore
988 1166 1147 1221 visum,

116 1237 374 1282 Caeruleam
397 1238 588 1280 advertit
611 1237 800 1294 puppim
822 1237 1030 1294 ripaeque
1055 1237 1335 1294 propinquat.
1472 1236 1562 1279 410

115 1309 226 1352 Inde
249 1309 358 1351 alias
380 1308 564 1365 animas,
590 1323 702 1364 quac
727 1323 805 1365 per
822 1308 931 1365 juga
952 1309 1083 1366 longa
1107 1309 1334 1364 sedebant,

117 1379 360 1435 Deturbat,
385 1379 598 1435 laxatque
620 1379 733 1421 foros
751 1393 762 1433 3
797 1378 929 1422 simul
951 1379 1114 1435 accipit
1137 1379 1260 1422 alveo

117 1451 355 1508 Ingentem
378 1449 575 1494 Aenean.
641 1449 827 1492 Gemuit
850 1450 931 1493 sub
954 1450 1144 1506 pondere
1166 1450 1326 1506 cymba

116 1521 289 1577 Sutilis,
314 1527 359 1563 et
382 1521 574 1563 multam
596 1520 768 1577 accepit
791 1520 951 1563 rimosa
974 1520 1195 1577 paludem.

114 1593 317 1635 Tandem
341 1596 466 1635 trans
487 1591 676 1634 fluvium
697 1591 930 1635 incolumis
952 1597 1188 1649 vatemque
1211 1592 1442 1649 virumque
1474 1590 1562 1635 415

113 1664 299 1707 Informi
322 1663 427 1706 limo
450 1664 694 1721 glaucaque
718 1664 901 1721 exponit
923 1663 969 1706 in
991 1664 1106 1707 ulva.

114 1736 330 1779 Cerberus
353 1735 460 1777 haec
485 1734 638 1792 ingens
659 1735 830 1778 latratu
851 1750 985 1792 regna
1007 1735 1185 1779 trifauci

113 1807 341 1859 Personat,
368 1806 546 1848 adverso
568 1807 781 1849 recubans
803 1806 1010 1849 immanis
1032 1806 1079 1849 in
1101 1812 1240 1850 antro.

114 1878 197 1921 Cui
218 1883 357 1931 vates,
383 1877 554 1919 horrere
576 1877 729 1920 videns
744 1877 840 1933 jam
863 1878 972 1919 colla
995 1878 1197 1933 colubris,

113 1949 245 1991 Melle
269 1952 525 2002 soporatam
547 1953 592 1990 et
613 1947 845 1990 medicatis
866 1947 1067 2005 frugibus
1091 1948 1224 1992 offam
1470 1949 1561 1993 420

113 2020 276 2076 Objieit
290 2034 301 2074 3
337 2020 412 2062 ille
434 2019 550 2062 fame
574 2019 727 2062 rabida
750 2020 837 2062 tria
858 2024 1046 2076 guttura
1069 2022 1268 2077 pandens

114 2092 302 2148 Corripit
327 2091 562 2147 objectam,
587 2096 721 2147 atque
743 2091 957 2134 immania
978 2096 1106 2149 terga
1128 2093 1305 2136 resolvit

113 2163 259 2207 Fusus
281 2163 425 2219 humi,
450 2167 630 2219 totoque
653 2163 806 2220 ingens
829 2164 1083 2209 extenditur
1104 2170 1241 2208 antro.

114 2234 316 2292 Occupat
344 2234 519 2278 Aeneas
542 2235 716 2277 aditum
739 2236 919 2278 custode
943 2236 1131 2294 sepulto,

113 2306 370 2362 Evaditque
394 2307 505 2350 celer
526 2306 669 2363 ripam
691 2306 976 2350 irremeabilis
998 2309 1154 2353 undae.
1470 2308 1560 2354 425

208 2378 433 2421 Continuo
456 2378 635 2421 auditae
659 2393 797 2433 voces,
823 2379 996 2435 vagitus
1020 2385 1064 2422 et
1087 2381 1254 2437 ingens,

117 2448 442 2506 Infantumque
465 2449 636 2492 animae
659 2448 831 2505 flentes,
855 2449 900 2491 in
923 2450 1074 2493 limine
1097 2451 1252 2508 primo,

118 2520 236 2574 Quos
258 2521 399 2563 dulcis
421 2520 539 2563 vitae
564 2526 754 2563 exsortes
778 2526 822 2562 et
845 2521 900 2563 ab
923 2522 1054 2564 ubere
1078 2527 1226 2578 raptos

119 2592 324 2636 Abstulit
348 2597 444 2635 atra
467 2592 559 2635 dies
583 2596 627 2634 et
649 2591 800 2634 sunere
824 2593 976 2635 mersit
1000 2594 1165 2638 acerbo,
