1757 2916
141 141 197 186 92
626 153 855 184 AENfflnos
889 154 974 185 LIB.
1010 154 1070 185 1v.

138 261 278 304 Tecta
299 261 496 305 fremunt
513 276 525 317 ς
560 268 734 305 resonat
757 262 930 319 magnis
952 261 1235 319 plangoribus
1257 262 1422 318 aether,

137 332 242 376 Non
265 333 406 388 aliter,
431 348 565 390 quam
589 333 624 376 si
646 333 852 376 immissis
876 339 974 375 ruat
996 333 1196 375 hostibus
1219 333 1359 375 omnis

138 405 358 462 Carthago
380 411 460 447 aut
482 405 666 461 antiqua
689 406 839 461 Tyros,
865 405 1155 461 flammaeque
1177 405 1370 447 furentes
1485 403 1573 449 670

138 475 346 519 Culmina
367 491 531 532 perque
553 476 782 518 hominum
803 475 1038 517 volvantur
1060 490 1222 531 perque
1245 476 1439 519 deorum.

137 547 297 590 Audiit
321 547 549 602 exanimis,
575 546 834 603 trepidoque
858 546 1069 588 exterrita
1091 561 1238 602 cursu,

136 618 377 674 Unguibus
400 632 472 660 ora
494 632 611 660 soror
631 618 809 660 foedans
833 621 878 659 et
900 622 1078 673 pectora
1101 617 1277 673 pugnis,

138 689 224 731 Per
246 689 411 732 medios
433 689 536 743 ruit,
562 702 612 730 ac
635 687 895 730 morientem
916 687 1092 730 nomine
1116 688 1280 730 clamat
1298 703 1307 729 :

137 758 164 779 “
183 759 279 801 Hoc
302 759 429 814 illud,
453 772 673 814 germana,
696 757 784 800 fuit
804 759 826 801 Ρ
860 772 931 800 me
953 757 1105 800 fraude
1128 758 1345 814 petebas?
1485 757 1571 802 675

136 829 164 850 “
184 829 278 872 Hoc
302 843 429 886 rogus
452 829 535 872 iste
558 829 682 885 mihi,
706 828 787 872 hoc
810 828 934 886 ignes
956 843 1140 885 araeque
1163 829 1419 886 parabant?

135 901 163 922 ‘⁶
182 901 299 955 Quid
321 901 513 958 primum
536 901 708 944 deserta
731 901 921 957 querar?
958 899 1221 943 comitemne
1245 914 1433 943 sororem

135 972 162 994 “
182 973 398 1030 Sprevisti
420 972 607 1016 moriens
627 973 649 1016 Ρ
714 972 888 1015 Eadem
910 986 980 1014 me
1003 972 1060 1014 ad
1081 971 1175 1014 fata
1196 986 1390 1015 vocasses
1408 986 1418 1026 ;

134 1043 162 1064 “
181 1044 309 1086 Idem
332 1044 484 1087 ambas
507 1043 617 1086 ferro
639 1043 759 1086 dolor
780 1048 915 1099 atque
935 1043 1088 1085 eadem
1110 1043 1216 1085 hora
1239 1043 1415 1086 tulisset
1438 1047 1447 1088 Ξ

135 1114 162 1136 “
183 1114 266 1157 His
288 1114 425 1157 etiam
443 1115 585 1157 struxi
605 1115 826 1171 manibus,
851 1114 1104 1171 patriosque
1128 1115 1278 1157 vocavi
1483 1116 1571 1158 680

134 1185 161 1206 “
185 1185 304 1228 Voce
328 1186 443 1241 deos,
469 1185 528 1228 sic
553 1190 597 1228 te
619 1191 672 1228 ut
696 1185 855 1242 posita,
881 1185 1083 1241 crudelis,
1109 1186 1306 1228 abessem
1322 1186 1344 1229 ‚9

135 1256 162 1278 ‘⁶
180 1257 416 1300 Exstinxti
438 1262 483 1300 te
506 1271 677 1313 meque,
703 1272 834 1312 soror,
860 1257 1164 1315 populumque
1187 1263 1427 1314 patresque

135 1328 162 1349 “
189 1327 385 1371 Sidonios
408 1328 650 1383 urbemque
673 1332 812 1371 tuam.
879 1327 1011 1383 Date,
1036 1328 1217 1370 vulnera
1238 1327 1430 1384 lymphis

135 1398 161 1420 ‘⁶
180 1399 393 1454 Abluam,
418 1403 477 1454 et,
503 1408 728 1442 extremus
752 1399 788 1442 si
810 1399 908 1455 quis
932 1414 1062 1456 super
1083 1399 1250 1442 halitus
1273 1405 1402 1456 errat,

134 1469 161 1491 ‘⁴
183 1470 269 1514 Ore
291 1470 477 1526 legam.”
543 1470 614 1513 Sic
635 1470 729 1512 fata
751 1471 913 1526 gradus
936 1476 1134 1513 evaserat
1157 1471 1282 1527 altos,
1484 1472 1571 1516 685

134 1541 533 1597 Semianimemque
556 1540 654 1583 sinu
676 1555 931 1597 germanam
954 1541 1162 1597 amplexa
1183 1541 1360 1584 fovebat

132 1611 248 1654 Cum
269 1611 456 1668 gemitu,
482 1616 617 1668 atque
641 1616 759 1655 atros
782 1612 974 1655 siccabat
998 1617 1120 1655 veste
1143 1627 1326 1658 cruores.

131 1683 230 1737 Illa,
253 1697 406 1738 graves
429 1683 575 1726 oculos
598 1688 756 1726 conata
777 1683 994 1738 attollere,
1019 1698 1166 1726 rursus

131 1754 293 1797 Deficit
313 1768 325 1808 3
358 1753 548 1796 infixum
571 1754 720 1797 stridit
742 1755 824 1797 sub
847 1759 1020 1811 pectore
1042 1755 1215 1799 vulnus.

131 1824 218 1867 Ter
239 1838 330 1867 sese
352 1825 562 1867 attollens
585 1825 822 1881 cubitoque
845 1825 1009 1867 annixa
1030 1825 1194 1867 levavit
1211 1839 1221 1880 ;
1482 1827 1571 1870 690

132 1895 219 1937 Ter
241 1894 438 1936 revoluta
461 1899 553 1936 toro
576 1901 657 1950 est,
684 1895 907 1951 oculisque
930 1896 1177 1938 errantibus
1200 1896 1291 1939 alto

133 1965 360 2019 Quaesivit
383 1965 500 2008 coelo
523 1966 681 2021 lucem,
707 1965 1012 2023 ingemuitque
1035 1972 1219 2023 reperta.

133 2036 251 2079 Tum
272 2036 304 2080 J
307 2051 393 2079 uno
417 2037 705 2093 omnipotens,
729 2037 912 2094 longum
936 2038 1145 2080 miserata
1169 2039 1360 2081 dolorem

132 2107 432 2164 Difficilesque
455 2104 615 2164 obitus,
641 2108 749 2150 Irim
771 2108 949 2151 demisit
976 2108 1184 2166 Olympo,

133 2178 254 2232 Quae
276 2178 524 2220 luctantem
546 2178 740 2221 animam
762 2194 983 2236 nexosque
1008 2181 1240 2223 resolveret
1263 2186 1396 2226 artus.
1483 2183 1570 2228 695

131 2249 251 2291 Nam
273 2249 377 2305 quia
399 2264 479 2292 nec
499 2249 593 2292 fato
614 2250 772 2291 merita
793 2264 873 2292 nec
895 2256 1033 2293 morte
1056 2251 1245 2307 peribat,

133 2321 219 2364 Sed
242 2320 399 2363 misera
421 2325 526 2363 ante
548 2321 664 2363 diem
687 2321 920 2377 subitoque
942 2336 1124 2364 accensa
1146 2323 1304 2379 furore,

132 2392 342 2434 Nondum
364 2392 432 2434 illi
452 2392 618 2434 flavum
642 2392 905 2449 Proserpina
927 2393 1089 2435 vertice
1113 2394 1278 2436 crinem

133 2463 407 2520 Abstulerat,
435 2463 674 2521 Stygioque
697 2468 834 2520 caput
856 2464 1142 2506 damnaverat
1169 2464 1294 2509 Orco.

135 2535 247 2592 Ergo
269 2535 351 2578 Iris
373 2535 532 2578 croceis
554 2548 632 2592 per
653 2535 824 2578 coelum
846 2534 1015 2578 roscida
1038 2535 1211 2593 penniS,
1479 2534 1570 2582 700
