1757 2916
200 120 291 166 264
686 130 915 160 AENmDos
950 130 1032 160 Lm.
1070 130 1132 160 xl.

202 242 230 263 “
247 240 484 286 Gramineo
507 239 672 282 donum
695 237 870 280 Triviae
894 238 946 280 de
970 237 1136 294 cespite
1159 236 1298 280 vellit.

201 314 227 334 ‘⁴
245 312 348 356 Non
368 312 496 354 illum
519 310 650 353 tectis
673 310 802 363 ullae,
827 323 913 350 non
937 308 1166 350 moenibus
1189 308 1317 350 urbes

179 375 227 406 ⁰“
245 384 481 439 Accepere,
506 395 646 437 neque
669 380 760 436 ipsc
784 393 941 420 manus
964 378 1140 420 feritate
1164 379 1355 421 dedisset
1379 393 1389 432 3

200 455 480 496 “Pastorum
502 457 546 494 et
571 451 669 493 solis
692 450 837 505 exegit
861 448 1086 491 montibus
1109 463 1280 492 aevum.

200 525 227 546 ‘⁶
247 524 332 567 Hic
357 529 511 566 natam
534 522 579 564 in
601 521 747 564 dumis
771 520 972 575 interque
994 519 1216 562 horrentia
1237 520 1380 562 lustra
1546 517 1632 563 570

200 596 228 616 “
244 593 516 638 Armentalis
539 606 676 648 cquae
699 591 904 633 mammis
928 595 972 632 et
996 591 1111 632 lacte
1134 591 1273 633 ferino

200 667 227 688 “
246 666 473 719 Nati-ibat,
499 663 658 706 teneris
681 663 948 719 immulgens
971 662 1105 704 ubera
1127 661 1271 704 labris.

200 737 227 757 “
244 736 399 792 thue
421 735 585 791 pedum
608 733 758 790 primis
779 733 922 776 infans
947 732 1134 789 vestigia
1156 733 1322 789 plantis

198 807 225 827 ‘⁶
245 806 492 860 Institerat,
513 805 661 861 jaculo
683 804 854 861 palmas
877 804 1070 846 armavit
1093 808 1240 857 acuto,
1472 859 1474 861 ‚

167 929 175 936 ι
201 876 228 898 “
249 876 516 933 Spiculaque
539 889 594 917 ex
615 875 800 918 humero
823 889 982 931 parvae
1006 874 1236 931 suspendit
1260 879 1303 916 et
1328 887 1491 917 arcum.
1546 870 1633 916 575

197 947 224 968 “
247 947 332 990 Pro
356 946 510 989 crinali
532 961 651 1003 auro,
676 961 751 1003 pro
773 946 930 1003 longae
952 946 1147 1003 tegmine
1169 945 1327 1002 pallae,

197 1019 225 1040 ‘⁶
245 1018 435 1076 Tigridis
457 1018 639 1061 exuviae
661 1033 738 1074 per
759 1018 937 1061 dorsum
959 1032 984 1059 a
1007 1017 1167 1060 vertice
1190 1017 1397 1074 pendent.

196 1089 224 1111 “
244 1090 351 1131 Tela
373 1076 509 1131 manu
526 1088 620 1144 jam
642 1093 741 1130 tum
766 1093 915 1130 tenera
936 1087 1122 1144 puerilia
1145 1087 1289 1141 torsit,

197 1159 302 1202 “Et
323 1159 510 1202 fundam
532 1157 661 1201 tereti
684 1158 850 1200 circum
871 1163 1009 1214 caput
1033 1157 1123 1214 egit
1144 1157 1330 1212 habena,

197 1229 225 1250 ‘⁴
246 1229 632 1286 Strymoniamque
654 1242 809 1285 gruem
831 1233 910 1270 aut
933 1228 1083 1270 album
1105 1227 1262 1283 deJeeit
1287 1227 1458 1270 olorem.
1544 1226 1632 1270 580

197 1301 224 1322 “
243 1301 414 1343 Multae
437 1301 558 1343 illam
579 1299 741 1342 frustra
767 1298 994 1354 Tyrrhena
1017 1313 1093 1355 per
1115 1298 1278 1354 oppida
1300 1302 1461 1339 matres

197 1372 458 1429 “Optavere
480 1384 643 1413 nurum
661 1383 673 1424 ;
707 1370 798 1412 sola
820 1374 1029 1411 contenta
1053 1369 1200 1411 Diana

196 1443 224 1464 ‘⁶
239 1443 486 1486 Aeternum
508 1441 697 1483 telorum
720 1445 765 1482 et
786 1440 1056 1496 virginitatis
1079 1454 1271 1482 amorem

197 1513 224 1533 “
239 1513 512 1554 Intemerata
535 1510 649 1554 colit.
715 1510 890 1552 Vellem
912 1510 1033 1552 haud
1056 1515 1255 1566 correpta
1276 1508 1432 1552 fuisset

194 1582 402 1626 “Militia
420 1582 515 1638 tali,
540 1586 699 1624 conata
721 1582 932 1624 lacessere
955 1580 1171 1624 Teucros:
1540 1580 1628 1624 585

195 1654 224 1676 ‘⁶
243 1654 357 1698 Cara
379 1653 488 1696 mihi
511 1652 813 1709 comitumque
834 1652 946 1694 foret
969 1666 1085 1695 nuuc
1111 1666 1199 1694 una
1222 1666 1434 1694 mearum.

196 1726 224 1747 “
245 1725 414 1768 Verum
437 1739 530 1781 age,
557 1724 912 1780 quandoquidem
934 1723 1039 1766 satis
1062 1727 1275 1779 urguetur
1296 1722 1477 1778 acerbis,

195 1797 222 1818 ‘⁶
237 1797 421 1852 Labore,
447 1796 674 1852 Nympha,
697 1796 810 1852 polo,
834 1795 1029 1850 finesque
1052 1795 1188 1837 invise
1210 1793 1409 1846 Latinos,

195 1868 221 1888 ‘⁴
243 1867 402 1910 Tristis
425 1868 503 1910 ubi
524 1867 717 1909 infausto
740 1865 1035 1909 committitur
1056 1865 1198 1908 omine
1220 1879 1380 1921 pugna.

172 1938 222 1980 .“
242 1938 365 1981 Haec
389 1952 510 1995 cape,
536 1943 581 1980 et
603 1937 805 1979 ultricem
828 1937 1031 1993 pharetra
1053 1937 1257 1992 deprome
1281 1935 1515 1992 sagittam:
1542 1936 1630 1980 590

195 2010 221 2031 “
238 2010 353 2066 Hac,
379 2010 647 2066 quicumque
672 2023 845 2051 sacrum
868 2008 1040 2050 violarit
1062 2008 1240 2050 vulnere
1263 2022 1435 2064 corpus,

193 2081 222 2103 “
244 2081 352 2124 Tros
375 2081 589 2135 Italusve,
614 2079 725 2121 mihi
746 2079 911 2135 pariter
932 2079 1007 2121 det
1030 2078 1241 2136 sanguine
1264 2093 1436 2135 poenas.
1482 2123 1488 2130 ,

194 2152 343 2195 “Post
366 2166 442 2209 ego
466 2151 580 2194 nube
604 2165 710 2193 cava
731 2150 1001 2193 miserandae
1025 2165 1179 2207 corpus
1202 2156 1246 2193 ct
1268 2165 1390 2193 arma

194 2223 221 2244 “
242 2223 487 2280 Inspoliata
508 2222 643 2264 feram
666 2222 853 2277 tumulo,
878 2221 1131 2278 patriaeque
1155 2224 1403 2279 reponam.”

194 2295 322 2338 Dixit
345 2309 356 2349 ;
391 2300 438 2337 at
461 2294 537 2337 illa
558 2293 665 2337 levis
688 2293 796 2336 coeli
818 2294 998 2350 delapsa
1020 2308 1096 2350 per
1118 2309 1248 2336 auras
1542 2294 1629 2337 595

192 2366 412 2421 Insonuit,
438 2365 560 2422 nigro
584 2364 859 2407 circumdata
882 2365 1054 2407 turbine
1079 2379 1245 2421 corpus.

284 2437 350 2480 At
371 2451 530 2479 manus
553 2436 721 2479 interea
742 2436 878 2478 muris
903 2436 1091 2492 Trojana
1113 2436 1394 2493 propinquat,

193 2509 461 2565 Etruscique
484 2509 629 2563 duces,
655 2507 945 2563 equitumque
967 2507 1187 2550 exercitus
1209 2506 1365 2562 omnis,

196 2581 442 2638 Compositi
464 2593 644 2623 numero
669 2579 714 2621 in
738 2584 916 2622 turmas.
942 2567 951 2576 ⁸
982 2577 1153 2621 Fremit
1176 2591 1360 2633 aequore
1383 2581 1478 2619 toto
