1741 2902
641 132 871 163 AENEIDOS
902 133 986 164 LIB.
1023 133 1065 162 X.

142 239 387 284 Canentem
408 239 531 283 molli
553 240 706 296 pluma
727 239 903 283 duxisse
926 245 1162 295 senectam,

140 310 438 367 Linquentem
459 316 598 354 terras
621 316 665 353 et
688 311 829 354 sidera
850 325 954 354 voce
978 313 1247 367 sequentem.

139 381 295 436 Filius,
321 381 524 437 aequales
545 381 784 424 comitatus
808 382 941 424 classe
965 387 1177 437 catervas,

139 451 372 508 Ingentem
395 451 523 494 remis
547 451 816 495 Centaurum
838 458 1092 509 promovet-
1107 452 1180 495 ille

139 523 288 565 Instat
311 537 465 579 aquae,
491 537 734 579 saxumque
757 524 886 566 undis
908 524 1101 566 immane
1122 523 1319 566 minatur

139 593 348 637 Arduus-
364 599 409 636 et
430 594 560 651 longa
585 595 728 637 sulcat
751 595 888 637 maria
911 595 1003 637 alta
1025 594 1186 638 carina.

139 664 221 707 Ille
244 665 381 707 etiam
403 665 557 721 patriis
581 680 740 722 agmen
763 665 849 708 ciet
877 665 1027 709 Ocnus
1050 667 1104 709 ab
1127 666 1222 722 oris,

139 735 365 779 Fatidicae
389 736 573 779 Mantus
596 741 641 778 et
666 736 801 779 Tusci
821 736 939 779 filius
962 736 1117 791 amnis,

142 808 226 860 Qui
249 823 393 851 muros
415 808 655 864 matrisque
678 808 799 850 dedit
822 808 921 864 tibi,
947 808 1150 863 Mantua,
1176 823 1346 864 nomen,

141 879 330 922 Mantua
353 879 474 922 dives
497 879 603 935 avis,
628 880 702 922 sed
724 894 810 921 non
833 894 970 935 genus
992 880 1194 922 omnibus
1216 894 1358 922 unum
1378 893 1387 923 :

142 949 262 992 Gens
284 950 350 992 illi
372 949 727 1005 triplex,.populi
750 949 830 991 sub
854 955 985 1005 gente
1008 950 1211 1005 quaterni
1228 965 1238 1004 ;

141 1021 245 1076 Ipsa
268 1025 404 1076 caput
426 1020 600 1076 populis
620 1034 631 1074 3
667 1019 811 1063 Tusco
834 1021 887 1062 de
910 1021 1123 1076 sanguine
1144 1021 1266 1064 vires.

141 1091 257 1133 Hinc
282 1105 455 1147 quoque
478 1090 742 1148 quingentos
764 1091 810 1133 in
832 1105 876 1133 se
900 1091 1147 1134 Mezentius
1170 1097 1328 1147 armat,

143 1162 259 1215 Quos
282 1166 409 1218 patre
435 1161 610 1204 Benaco
632 1162 803 1205 velatus
826 1162 1038 1204 arundine
1061 1163 1221 1218 glauca

142 1232 332 1275 Mincius
354 1232 515 1275 infesta
537 1233 727 1275 ducebat
750 1232 796 1275 in
818 1247 1006 1288 aequora
1029 1233 1149 1289 pinu,

142 1303 186 1344 It
210 1303 353 1359 gravis
376 1302 598 1358 Aulestes,
617 1307 889 1359 centenaque
912 1303 1060 1346 arbore
1082 1304 1272 1346 fluctum

142 1373 356 1416 Verberat
379 1388 608 1430 assurgens
626 1389 635 1418 ε
671 1379 883 1431 spumant
904 1374 1017 1416 Vada
1038 1389 1252 1428 marmore
1274 1389 1408 1418 vers0.

144 1444 275 1486 Hunc
297 1445 418 1487 vehit
439 1441 642 1487 immanis
667 1445 824 1488 Triton
846 1449 890 1486 et
912 1445 1083 1487 caerula
1105 1446 1271 1488 concha

142 1514 382 1557 Exterrens
404 1515 531 1570 freta,
556 1514 628 1556 cui
647 1515 838 1556 laterum
859 1519 988 1556 tenus
1008 1514 1183 1571 hispida
1203 1516 1332 1558 nanti

142 1585 280 1627 Frons
303 1585 524 1628 hominem
546 1585 749 1641 praefert,
773 1585 819 1627 in
841 1585 1014 1641 pristim
1037 1586 1197 1628 desinit
1219 1586 1342 1628 alvus
1359 1600 1370 1640 ;

146 1656 340 1712 Spumea
362 1656 559 1698 semifero
583 1656 663 1698 sub
684 1662 858 1712 pectore
881 1662 1126 1698 murmurat
1148 1657 1280 1700 unda.

145 1726 230 1769 Tot
255 1726 357 1769 lecti
379 1740 572 1782 proceres
596 1731 663 1768 ter
684 1726 807 1768 denis
829 1726 1012 1769 navibus
1035 1727 1160 1769 ibant

145 1798 346 1841 Subsidio
370 1797 540 1853 Trojae,
565 1802 611 1840 et
633 1812 808 1854 campos
831 1798 932 1840 salis
954 1813 1050 1840 aere
1074 1798 1290 1841 secabant.

233 1867 425 1923 Jamque
447 1868 540 1910 dies
562 1867 678 1910 coelo
701 1873 983 1924 concesserat,
1008 1869 1212 1924 almaque
1234 1883 1364 1911 curru

143 1939 386 1996 Noctivago
408 1938 583 1981 Phoebe
604 1939 801 1982 medium
822 1940 1029 1996 pulsabat
1056 1939 1299 1996 Olympum
1320 1955 1329 1983 :

144 2010 343 2052 Aeneas-
357 2024 498 2065 neque
523 2010 642 2052 enim
663 2010 869 2053 membris
891 2011 969 2053 dat
994 2025 1099 2053 cura
1121 2011 1344 2067 quietem-

145 2081 248 2136 Ipse
272 2080 423 2123 sedens
446 2081 707 2136 clavumque
729 2081 840 2137 regit
862 2081 1054 2136 velisque
1076 2080 1312 2126 ministrat.

146 2151 297 2206 Atque
322 2151 386 2192 illi
406 2151 549 2193 medio
571 2151 617 2193 in
641 2151 781 2207 spatio
803 2151 972 2206 chorus,
996 2166 1107 2206 ecce,
1132 2166 1312 2194 suarum

149 2220 352 2264 Occurrit
375 2220 587 2262 comitum
609 2234 619 2264 :
655 2220 904 2276 Nymphae,
929 2235 1038 2276 quas
1061 2222 1177 2263 alma
1201 2221 1375 2276 Cybebe

146 2292 326 2334 Numen
347 2291 507 2332 habere
529 2290 659 2332 maris
682 2289 1001 2346 Nymphasque
1024 2305 1045 2332 e
1068 2291 1254 2333 navibus
1276 2305 1365 2334 esse

147 2362 176 2404 J
181 2367 362 2417 usserat,
387 2361 603 2403 innabant
626 2361 787 2417 pariter
808 2351 1056 2415 fluctusque
1081 2361 1303 2416 secabant,

151 2433 267 2486 Quot
291 2432 410 2488 prius
431 2437 604 2474 aeratae
628 2436 843 2474 steterant
864 2432 921 2474 ad
941 2431 1070 2474 litora
1093 2446 1253 2487 prorae.

148 2503 408 2559 Agnoscunt
430 2503 557 2560 longe
580 2517 738 2559 regem,
761 2503 1043 2558 lustrantque
1066 2502 1239 2546 choreis.

149 2573 345 2627 Quarum
367 2587 476 2629 quae
499 2573 622 2616 fandi
644 2573 909 2628 doctissima,
935 2572 1209 2629 Cymodocea

1480 122 1569 165 225

1483 455 1570 498 195

1482 808 1571 851 200

1483 1162 1571 1207 205

1485 1517 1571 1558 210

1485 1870 1572 1913 215

1487 2573 1576 2617 225
