1757 2916
152 145 174 158 -‚
222 104 313 159 240
733 122 962 155 Annnlnos
994 122 1081 155 LIB.
1115 124 1156 153 x.

1419 148 1439 172 ἱ

223 236 318 280 Nec
339 250 430 279 non
451 234 690 278 Evanthen
714 233 969 289 Phrygium,
997 231 1260 287 Paridisque
1285 228 1506 272 Mimanta

225 306 471 363 Aequalem
494 305 802 359 comitemque,
826 317 915 344 una
937 316 1070 357 quem
1093 306 1221 344 nocte
1248 300 1429 342 Theano

227 379 282 421 In
305 379 448 421 lucem
471 376 657 433 genitori
681 375 850 429 Amyco
873 373 1009 427 dedit,
1035 378 1079 414 ct
1101 373 1195 414 sace
1220 385 1467 427 praegnans

228 450 388 494 Cisseis
411 448 560 505 regina
584 446 732 488 Parim
752 459 761 487 2
798 444 920 486 Paris
943 443 1048 485 urbe
1070 449 1252 499 paterna

227 512 446 571 Occubat,
465 519 672 575 ignarum
696 516 892 557 Laurens
913 514 1047 556 habet
1071 528 1144 556 ora
1169 514 1400 556 Mimanta.

227 592 293 634 Ae
318 591 440 633 velut
463 589 536 631 ille
560 601 720 630 canum
742 600 890 627 morsu
912 585 965 626 de
987 584 1210 626 montibus
1232 584 1334 626 altis

228 663 372 704 Actus
394 674 509 716 aper,
536 658 698 701 multos
722 656 914 699 Vesulus
937 670 1071 711 quem
1095 654 1250 711 pinifer
1273 669 1409 696 annos

231 732 444 775 Defendit
465 731 717 785 multosque
741 729 870 786 palus
893 727 1150 782 Laurentia,
1177 726 1286 769 silva

181 807 184 811 '
230 804 391 846 Pastus
414 802 666 857 arundinea,
691 806 929 858 postquam
949 799 1065 841 inter
1086 798 1197 841 retia
1218 802 1405 840 ventum
1427 801 1510 853 est,

232 874 459 930 Substitit,
484 873 797 928 infremuitque
821 872 943 914 ferox
966 876 1010 913 et
1033 869 1247 913 inhorruit
1271 883 1440 922 armos,

231 945 325 988 Nec
349 945 558 1000 cuiquam
580 943 708 986 irasci
729 942 963 999 propiusve
986 941 1189 984 accedere
1210 940 1366 994 virtus,

236 1016 321 1060 Sed
338 1013 497 1072 jaculis
519 1014 717 1069 tutisque
740 1013 893 1070 procul
915 1011 1178 1055 clamoribus
1201 1010 1375 1053 instant
1393 1023 1404 1064 3

258 1087 314 1129 lle
337 1091 489 1129 autem
510 1084 760 1141 impavidus
781 1088 930 1140 partes
953 1087 1189 1124 cunctatur
1210 1081 1257 1123 in
1279 1095 1440 1135 omnes,

235 1157 458 1200 Dentibus
480 1155 743 1208 infrendens,
768 1159 813 1196 et
836 1158 959 1210 tergo
981 1151 1151 1195 decutit
1173 1151 1324 1194 hastas
1344 1166 1352 1195 :

239 1228 370 1270 Haud
394 1227 535 1282 aliter,
555 1226 702 1282 justae
724 1225 885 1280 quibus
908 1230 973 1266 est
997 1223 1244 1265 Mezentius
1266 1223 1368 1278 irae,

234 1299 338 1358 Non
360 1298 441 1340 ulli
464 1303 531 1340 est
553 1297 727 1340 animus
750 1296 901 1338 stricto
925 1309 1175 1338 concurrere
1198 1294 1305 1337 ferro
1325 1308 1337 1349 3

236 1369 478 1412 Missilibus
501 1369 627 1424 longe
650 1371 694 1408 et
716 1371 842 1408 vasto
865 1366 1051 1408 clamore
1073 1366 1308 1408 lacessunt.

236 1440 432 1483 Venerat
455 1438 652 1494 antiquis
676 1437 860 1492 Corythi
882 1437 935 1480 de
957 1436 1117 1478 finibus
1141 1435 1301 1491 Acron,

238 1510 397 1554 Graius
421 1511 562 1565 homo,
586 1509 770 1552 infectos
791 1509 994 1564 linquens
1016 1507 1227 1564 profugus
1248 1507 1538 1563 hymenaeos:

238 1582 370 1624 Hunc
394 1582 472 1624 ubi
492 1581 751 1624 miscentem
772 1581 898 1637 longe
921 1580 1073 1630 media·
1088 1580 1267 1637 agmina
1289 1579 1417 1635 vidit,

239 1654 518 1710 Purpureum
541 1652 696 1710 pennis
720 1657 764 1694 et
786 1656 945 1708 pactae
968 1651 1164 1708 conjugis
1187 1656 1302 1694 ostro
1319 1664 1330 1705 ;

239 1725 467 1782 Impastus
491 1725 667 1768 stabula
689 1724 782 1766 alta
802 1723 869 1767 leo
891 1738 972 1766 ceu
994 1737 1121 1779 saepe
1143 1736 1406 1779 peragrans-

242 1797 408 1840 Suadet
431 1796 549 1838 enim
570 1810 732 1838 vesana
752 1795 967 1837 fames—si
990 1795 1100 1837 forte
1123 1794 1328 1850 fugacem

1574 438 1663 484 705

1575 794 1667 841 '710

1581 1147 1670 1194 715
1725 1131 1730 1134 ’

1585 1504 1675 1552 720

242 1867 484 1923 Conspexit
507 1881 713 1922 capream
736 1871 815 1908 aut
838 1870 1090 1922 surgentem
1111 1865 1157 1906 in
1179 1878 1339 1907 cornua
1361 1877 1555 1918 cervum,
1588 1860 1678 1906 725

243 1939 441 1993 Gaudet,
466 1938 594 1980 hians
616 1938 824 1991 immane,
850 1949 1082 1991 comasque
1106 1935 1284 1990 arrexit,
1310 1940 1354 1977 et
1376 1935 1529 1977 haeret

244 2010 495 2052 Visceribus
518 2022 647 2065 super
668 2007 940 2062 incumbens,
965 2006 1075 2049 lavit-
1098 2006 1296 2063 improba
1318 2010 1432 2048 teter

244 2082 330 2125 Ora
354 2095 502 2124 cruor:

246 2152 316 2196 Sic
340 2152 428 2194 ruit
450 2152 496 2194 in
518 2151 671 2193 densos
693 2150 834 2192 alacer
858 2149 1104 2192 Mezentius
1125 2149 1284 2193 hostes.

247 2222 472 2266 ‚Sternitur
493 2221 646 2264 infelix
668 2220 828 2275 Acron,
855 2226 899 2263 et
923 2220 1115 2263 calcibus
1138 2226 1284 2262 atram

247 2293 416 2336 Tundit
442 2294 628 2335 humum
651 2292 890 2347 exspirans,
915 2292 1187 2348 infractaque
1211 2292 1299 2334 tela
1323 2296 1539 2337 cruentat,

247 2366 400 2421 Atque
423 2364 539 2407 idem
561 2363 806 2420 fugientem
829 2364 950 2406 haud
973 2368 1038 2406 est
1063 2364 1273 2420 dignatus
1297 2362 1472 2406 Oroden

250 2438 464 2491 Sternere,
489 2450 568 2478 nec
586 2434 708 2491 jacta
731 2449 910 2477 caecum
931 2436 1032 2477 dare
1055 2434 1234 2490 cuspide
1261 2434 1422 2476 vulnus
1440 2447 1450 2487 ;

252 2508 419 2552 Obvius
443 2508 708 2562 adversoque
731 2506 930 2562 occurrit,
959 2520 1090 2562 seque
1112 2506 1202 2548 viro
1227 2505 1292 2548 vir

251 2580 468 2636 Contulit,
491 2579 611 2622 haud
632 2578 749 2621 furto
771 2578 922 2621 melior
943 2578 1019 2622 scd
1040 2577 1228 2621 fortibus
1251 2577 1396 2621 armis.

1591 2217 1682 2263 730

1595 2574 1685 2621 735
