1741 2902
576 139 806 173 AENEmos
837 145 923 177 LIB.
959 145 1022 178 lx.
1439 141 1523 184 211

103 239 288 286 Martius
311 258 336 286 a
359 245 545 289 stabulis
567 249 714 304 rapuit
736 250 882 307 lupus.
948 253 1159 312 Undique
1184 257 1347 301 clamor

103 311 302 358 Tollitur.
368 316 595 360 Invadunt
618 324 662 361 et
686 321 817 364 fossas
841 338 995 380 aggere
1019 328 1268 383 complent;

101 380 318 427 Ardentes
342 387 492 429 taedas
515 388 590 430 alii
612 390 668 431 ad
690 391 868 448 fastigia
884 394 1072 449 jactant.

99 451 290 496 Ilioneus
312 470 416 498 saxo
440 463 572 513 atque
594 459 763 517 ingenti
786 464 997 520 fragmine
1021 469 1183 510 montis

98 521 329 565 Lucetium
352 532 502 581 portae
525 529 787 574 subeuntem
808 534 1017 591 ignesque
1040 537 1269 596 ferentem,
1437 545 1522 587 570

97 591 361 638 Emathiona
384 597 528 654 Liger,
557 600 830 656 Corynaeum
854 608 1010 650 sternit
1034 609 1208 666 Asylas,

97 661 182 705 Hic
199 664 346 720 jaculo
367 668 518 725 bonus,
543 671 613 714 hic
637 673 762 730 longe
786 676 966 720 fallente
990 681 1179 736 sagitta,

98 732 331 792 Ortygium
357 737 567 796 Caeneus,
594 743 804 788 victorem
829 747 1002 792 Caenea
1027 751 1218 808 Turnus,

95 804 270 849 Turnus
293 807 414 864 Itym
439 810 743 871 Cloniumque,
771 816 1044 876 Dioxippum
1068 823 1423 883 Promolumque,

93 874 153 917 Et
178 876 376 933 Sagarim
397 885 442 922 et
465 883 647 926 summis
671 891 864 929 stantem
886 879 961 945 pro
985 893 1176 937 turribus
1199 896 1326 952 Idan,
1432 897 1519 943 575

92 946 352 991 Privernum
377 950 533 1007 Capys,
597 954 730 998 Hunc
754 958 893 1012 primo
914 960 1020 1004 levis
1042 963 1169 1006 hasta
1194 966 1439 1011 Themillae

94 1017 340 1072 Strinxerat
359 1035 370 1075 3
404 1022 477 1064 ille
500 1037 681 1067 manum
704 1027 895 1083 projecto
918 1033 1109 1087 tegmine
1131 1036 1309 1079 demens

91 1087 164 1130 Ad
185 1090 345 1133 vulnus
368 1093 473 1135 tulit
493 1107 502 1137 :
539 1108 638 1151 ergo
661 1097 740 1140 alis
762 1099 930 1156 allapsa
954 1103 1118 1158 sagitta

90 1157 149 1200 Et
172 1159 292 1203 laevo
314 1161 450 1205 infixa
472 1172 536 1207 est
557 1166 685 1209 lateri
706 1183 877 1226 manus,
901 1173 1138 1230 abditaque
1160 1176 1279 1220 intus

92 1229 367 1286 Spiramenta
392 1235 562 1278 animae
587 1237 711 1281 letali
732 1241 909 1284 vulnere
932 1245 1062 1301 rupit.
1428 1252 1516 1295 580

91 1300 249 1345 Stabat
272 1302 318 1345 in
340 1306 523 1362 egregiis
546 1307 752 1353 Arcentis
775 1312 892 1355 filius
915 1316 1063 1372 armis,

88 1370 242 1416 Pictus
264 1388 346 1417 acu
369 1376 641 1434 chlamydem
666 1386 711 1423 et
732 1382 950 1440 ferrugine
974 1387 1114 1430 clarus
1137 1388 1318 1447 Hibera,

89 1442 279 1500 Insignis
300 1446 423 1502 facie,
449 1450 619 1504 genitor
641 1466 772 1507 quem
794 1455 972 1498 miserat
996 1457 1164 1502 Arcens

88 1513 314 1559 Eductum
337 1520 489 1562 matris
511 1521 608 1564 luco
635 1523 889 1577 Symaethia
911 1527 1075 1570 circum

87 1582 308 1642 Flumina,
332 1588 508 1645 pinguis
530 1591 606 1634 ubi
630 1598 675 1635 et
697 1594 923 1649 placabilis
946 1613 1020 1640 ara
1043 1598 1209 1644 Palici:
1425 1604 1514 1649 585

88 1655 354 1699 Stridentem
377 1659 564 1703 fundam
585 1663 736 1718 positis
761 1664 1006 1710 Mezentius
1028 1668 1168 1713 hastis

86 1725 186 1781 Ipse
209 1732 275 1769 ter
296 1729 489 1773 adducta
512 1732 675 1775 circum
697 1741 832 1790 caput
855 1737 945 1793 egit
967 1738 1150 1795 habena,

85 1794 145 1838 Et
170 1798 315 1841 media
336 1801 506 1844 adversi
528 1802 767 1859 liquefacto
788 1812 989 1864 tempora
1010 1810 1192 1866 plumbo

84 1866 276 1925 Diffidit,
300 1885 349 1912 ac
373 1872 516 1915 multa
538 1879 788 1929 porrectum
810 1879 1012 1922 extendit
1035 1895 1178 1925 arena.

83 1937 201 1981 Tum
222 1940 412 1996 primum
433 1943 546 1987 bello
568 1946 748 1989 celerem
771 1948 1242 2008 intendissesagittam
1422 1956 1512 2001 590

83 2009 271 2068 Dicitur,
296 2018 398 2056 ante
418 2014 531 2058 feras
554 2016 705 2060 solitus
728 2023 886 2063 terrere
908 2021 1102 2079 fugaces,

82 2080 314 2139 Ascanius,
337 2084 580 2142 fortemque
603 2103 739 2131 manu
760 2090 924 2134 fudisse
947 2093 1224 2151 Numanum,

83 2152 167 2195 Cui
189 2153 379 2198 Remulo
401 2171 641 2212 cognomen
663 2166 770 2216 erat,
796 2161 1021 2219 Turnique
1045 2165 1260 2209 minorem

83 2222 348 2267 Germanam
370 2240 508 2282 nuper
527 2228 726 2272 thalamo
749 2232 937 2275 sociatus
958 2234 1162 2279 habebat.

81 2292 127 2335 Is
149 2294 336 2350 primam
357 2301 462 2338 ante
484 2297 622 2340 aciem
643 2299 775 2355 digna
797 2306 931 2357 atque
953 2303 1132 2360 indigna
1154 2306 1297 2350 relatu
1419 2309 1506 2353 595

81 2363 348 2421 vociferans,
373 2367 656 2424 tumidusque
679 2385 789 2413 novo
810 2375 1061 2427 praecordia
1084 2390 1216 2433 regno

81 2433 183 2477 Ibat
205 2440 250 2478 et
271 2436 494 2493 ingentem
518 2453 608 2482 sese
631 2440 814 2484 clamore
835 2443 1025 2488 ferebat:

82 2504 111 2525 ‘⁶
129 2505 232 2549 Non
252 2509 391 2564 pudet
414 2509 633 2553 obsidione
656 2511 816 2554 iterum
837 2515 1037 2572 valloque
1059 2519 1214 2576 teneri,

82 2575 108 2597 ‘⁶
129 2576 206 2620 Bis
229 2579 350 2635 capti
373 2580 583 2638 Phryges,
607 2587 651 2625 et
674 2584 807 2627 morti
828 2588 1112 2642 praetendere
1135 2605 1284 2636 muros
1301 2593 1324 2637 Ρ
