1731 2923
642 128 872 158 AENfflDos
905 129 992 160 ΜΒ.
1029 129 1090 159 v1.
1500 121 1584 164 135

158 235 252 280 Vix
275 237 381 279 adeo
404 235 585 292 agnovit
607 235 883 291 pavitantem
905 241 950 278 et
972 235 1064 278 dira
1087 241 1314 293 tegentem

155 307 393 363 Supplicia,
419 311 462 348 et
485 306 600 348 notis
623 306 860 362 compellat
882 307 1059 349 vocibus
1082 308 1221 351 ultro:

154 378 183 400 “
202 377 430 434 Deiphobe
453 364 735 432 armipotens,
755 391 892 434 genus
913 378 1004 420 alto
1027 393 1052 420 a
1076 379 1286 435 sanguine
1307 379 1478 436 Teucri,
1499 382 1586 424 500

153 448 180 471 “
201 449 308 502 Quis
330 453 425 491 tam
448 448 643 490 crudeles
664 449 837 504 optavit
859 463 1028 492 sumere
1051 465 1212 506 poenas
1227 452 1248 494 P

150 520 178 540 ‘⁴
197 520 282 563 Cui
308 524 484 562 tantum
505 520 558 562 de
581 525 628 562 te
650 519 776 562 licuit
796 521 817 563 Ρ
883 520 996 563 Mihi
1019 521 1137 564 fama
1159 537 1361 578 suprema

150 591 177 611 ‘⁶
196 590 340 633 Nocte
363 590 469 633 tulit
491 590 652 633 fessum
673 595 800 634 vasta
822 596 865 633 te
889 593 1018 634 caede
1042 593 1281 650 Pelasgslm

150 660 177 681 “
197 661 482 703 Procubuisse
506 675 637 716 super
657 660 860 704 confusae
883 663 1039 719 stragis
1061 678 1277 707 acervum.

149 730 178 752 ‘⁶
198 731 324 774 Tunc
348 736 518 788 egomet
541 732 766 774 tumulum
789 731 985 775 Rhoeteo
1006 733 1052 775 in
1074 733 1198 776 litore
1221 734 1399 778 inanem
1493 738 1580 781 505

150 803 176 823 ‘⁴
197 803 435 859 Constitui,
461 809 505 845 et
528 817 689 859 magna
711 803 865 847 Manes
888 808 956 846 ter
977 819 1079 847 voce
1102 806 1264 849 vocavi.

148 873 174 894 ‘⁴
194 874 366 917 Nomen
391 880 435 916 et
457 889 578 916 arma
599 875 745 917 locum
767 881 939 917 servant
954 889 966 930 3
1000 881 1060 932 te,
1085 877 1237 933 amice,
1261 878 1439 934 nequivi

147 945 175 965 ‘⁴
196 944 452 1001 Conspicere
475 952 519 989 et
542 945 687 1002 patria
710 946 920 988 decedens
942 961 1099 1002 ponere
1122 949 1279 991 terra.'’

146 1014 220 1057 Ad
243 1029 353 1071 quae
377 1016 621 1058 Priamides
642 1031 650 1059 :
689 1015 718 1036 ⁴⁶
737 1015 863 1057 Nihil
885 1030 908 1058 o
931 1016 1015 1058 tibi
1036 1017 1176 1060 amice
1198 1019 1403 1061 relictum
1425 1034 1434 1063 ε

145 1085 173 1106 “
194 1085 356 1129 Omnia
380 1087 612 1144 Deiphobo
636 1087 802 1130 solvisti
825 1091 868 1129 et
890 1087 1053 1130 funeris
1076 1088 1254 1132 umbris.
1489 1092 1577 1134 510

144 1156 172 1176 “
198 1156 283 1199 Sed
305 1172 375 1200 me
398 1158 492 1200 fata
514 1172 612 1199 mea
635 1162 680 1200 et
703 1157 841 1200 scelus
863 1156 1039 1200 exitiale
1062 1158 1290 1201 Lacaenae

142 1225 172 1247 ‘⁶
191 1227 274 1269 His
297 1242 480 1271 mersere
503 1227 628 1270 malis
644 1242 655 1282 3
688 1228 765 1269 illa
786 1227 891 1270 haec
915 1234 1202 1271 monumenta
1225 1229 1413 1285 reliquit.

142 1297 170 1318 “
193 1297 398 1354 Namque
420 1304 473 1341 ut
496 1313 747 1354 supremam
768 1298 877 1340 falsa
897 1297 1014 1340 inter
1035 1299 1196 1354 gaudia
1217 1305 1395 1343 noctem

145 1366 173 1388 ‘⁶
191 1367 438 1424 Egerimus,
462 1368 604 1422 nosti3
640 1373 684 1411 et
706 1368 898 1411 nimium
920 1368 1169 1412 meminisse
1192 1384 1364 1412 necesse
1387 1376 1464 1414 est.

140 1437 169 1458 ‘⁶
190 1438 335 1491 Quum
356 1439 505 1482 fatalis
528 1454 667 1495 equus
690 1439 807 1482 saltu
830 1454 958 1496 super
979 1439 1115 1482 ardua
1136 1441 1258 1482 venit
1485 1444 1570 1486 515

143 1508 170 1528 “
186 1509 416 1565 Pergama,
442 1514 486 1551 et
510 1515 733 1552 armatum
755 1510 951 1566 peditem
972 1509 1117 1566 gravis
1140 1511 1296 1553 attulit
1321 1511 1418 1553 alvo
1439 1526 1449 1565 ;

140 1579 167 1600 ‘⁶
185 1580 289 1634 Illa,
314 1580 491 1623 chorum
514 1580 744 1636 simulans,
768 1585 946 1623 evantes
969 1581 1086 1637 orgia
1107 1581 1271 1624 circum

140 1649 167 1671 “
184 1651 390 1694 Ducebat
414 1651 643 1707 Phrygias,
667 1651 892 1693 flammam
914 1652 1059 1694 media
1080 1652 1176 1709 ipsa
1198 1653 1377 1695 tenebat

139 1720 166 1741 ‘⁶
182 1722 430 1778 Ingentem,
457 1726 501 1764 et
524 1736 696 1764 summa
719 1721 898 1764 Danaos
921 1736 974 1764 ex
997 1737 1092 1764 arce
1116 1723 1311 1766 vocabat.

137 1792 165 1814 “
186 1792 304 1835 Tum
325 1807 397 1844 me
419 1792 667 1836 confectum
690 1793 803 1835 euris
826 1807 1061 1849 somnoque
1084 1798 1317 1850 gravatum
1481 1796 1567 1838 520

139 1861 165 1884 “
187 1864 348 1906 Infelix
369 1864 526 1907 habuit
549 1864 786 1919 thalamus,
810 1863 1054 1920 pressitque
1070 1863 1297 1920 jacentem

136 1933 164 1954 ‘⁶
183 1934 336 1978 Dulcis
359 1939 403 1977 et
427 1935 518 1977 alta
540 1935 677 1991 quies,
701 1934 986 1991 placidaeque
1009 1934 1230 1978 simillima
1253 1935 1399 1980 morti.

137 2004 164 2026 ‘⁶
184 2006 370 2062 Egregia
391 2005 558 2048 interea
580 2006 741 2062 conjux
763 2020 884 2048 arma
906 2005 1052 2048 omnia
1073 2006 1203 2049 tectis

135 2076 164 2098 “
182 2077 388 2133 Amovet,
408 2083 452 2119 et
472 2078 612 2120 fidum
633 2077 771 2133 capiti
793 2077 1062 2120 subduxerat
1085 2092 1234 2124 ensem
1252 2092 1262 2131 3

136 2146 163 2169 “
187 2147 312 2189 Intra
335 2152 452 2189 tecta
472 2152 600 2190 vocat
623 2147 876 2190 Menelaum
898 2152 942 2190 et
963 2148 1115 2193 limina
1136 2149 1307 2205 pandit,
1345 2150 1349 2154 ’
1477 2152 1563 2193 525

136 2217 163 2239 “
185 2217 362 2261 Scilicet
382 2218 429 2260 id
448 2232 662 2274 magnum
684 2231 860 2273 sperans
881 2217 970 2260 fore
992 2233 1153 2260 munus
1177 2219 1359 2273 amanti,

135 2288 163 2310 ‘⁴
182 2289 245 2331 Et
266 2288 435 2331 famam
456 2288 679 2345 exstingui
700 2293 899 2330 veterum
922 2288 980 2330 sic
1004 2303 1127 2343 posse
1149 2289 1377 2332 malorum.

135 2359 162 2380 “
188 2359 303 2412 Quid
325 2373 466 2401 moror
484 2360 504 2401 P
570 2358 829 2413 Irrumpunt
851 2357 1046 2399 thalamo
1067 2371 1078 2411 3
1112 2356 1252 2400 coines
1275 2358 1452 2401 additur
1474 2374 1560 2404 una

134 2429 161 2452 ‘⁶
179 2429 391 2472 Hortator
412 2430 620 2472 scelerum
643 2427 858 2470 Aeolides.
925 2427 998 2483 Di,
1024 2428 1130 2478 talia
1154 2427 1300 2470 Graiis

134 2500 161 2521 ‘⁴
179 2500 448 2556 Instaurate,
472 2500 542 2556 pio
565 2499 601 2542 si
623 2513 784 2556 poenas
806 2512 875 2541 ore
898 2512 1071 2555 reposco
1092 2502 1102 2542 t
1468 2501 1558 2544 530

133 2570 160 2591 “
179 2571 265 2614 Sed
286 2576 332 2614 te
355 2571 432 2627 qui
453 2571 603 2613 vivum
627 2583 764 2624 casus,
789 2584 868 2626 age
890 2569 978 2612 fare
1000 2568 1207 2624 vicissim,
