1757 2916
169 116 258 160 114
655 128 886 160 AENEIDos
918 129 1005 160 Lm.
1041 128 1082 160 v.

168 237 388 296 Ducebat,
414 237 475 282 sic
497 252 598 282 acer
619 252 731 295 equo
753 237 939 281 turbata
962 236 1123 294 petivit

168 309 340 366 Castra,
364 325 445 353 nec
467 310 689 353 exanimes
711 313 897 366 possunt
921 308 1108 351 retinere
1131 307 1343 364 magistri.

168 379 196 401 “
216 380 323 434 Quis
344 382 463 424 furor
483 381 565 424 iste
588 396 725 424 novus
746 382 767 424 Ρ
804 395 891 436 quo
914 395 1045 434 nunc,
1071 394 1158 435 quo
1180 379 1364 422 tenditis
1380 379 1405 397 ”
1427 378 1588 435 inquit,

169 450 196 472 “
216 451 319 494 Heu
342 452 524 495 miserae
547 452 660 495 cives
677 453 698 495 Ρ
734 466 822 494 11011
843 451 1015 494 hostem
1038 450 1303 506 inimicaque
1328 455 1472 493 castra
1522 448 1601 494 671

170 523 197 544 ‘⁴
216 524 451 580 Argivum,
476 529 642 567 vestras
665 538 763 580 spes
785 523 925 566 uritis.
991 523 1077 578 En,
1104 537 1181 578 ego
1203 527 1347 564 vester

170 594 196 615 “
215 595 434 637 Ascanius
457 600 465 639 1
485 597 509 614 ''
575 595 760 638 Galeam
784 599 888 637 ante
912 594 1046 650 pedes
1069 593 1251 649 projecit
1273 594 1465 648 inanem,

169 667 266 720 Qua
288 667 394 708 ludo
414 666 599 709 indutus
624 665 728 709 belli
750 666 984 708 simulacra
1006 665 1163 708 ciebat.

167 737 398 779 Accelerat
422 737 555 780 simul
576 736 768 792 Aeneas,
795 736 927 779 simul
949 736 1126 793 agmina
1151 735 1384 779 Teucrum.

167 808 254 850 Ast
276 808 376 851 illae
399 808 569 851 diversa
591 812 719 850 metu
740 821 819 865 per
839 807 967 851 litora
989 807 1154 864 passim

168 879 439 937 Diffugiunt,
464 879 696 936 silvasque,
721 884 766 922 et
789 879 929 922 sicubi
951 893 1140 922 concava
1160 878 1318 921 furtim

169 951 301 1007 Saxa,
325 956 515 1008 petunt:
550 950 673 1008 piget
696 950 878 1007 incepti,
902 950 1102 1007 lucisque
1122 964 1134 1005 ;
1170 964 1355 1006 suosque

168 1022 374 1065 Mutatae
397 1027 657 1079 agnoscunt,
682 1036 952 1078 excussaque
975 1027 1149 1078 pectore
1172 1021 1294 1065 Juno
1318 1026 1401 1064 est.

170 1094 255 1138 Sed
277 1109 365 1137 non
388 1094 547 1136 idcirco
568 1093 774 1136 flammae
797 1099 932 1150 atque
955 1093 1160 1136 incendia
1181 1094 1294 1136 vires

169 1164 418 1208 Indomitas
441 1179 622 1222 posuere
642 1179 652 1209 ε
686 1165 774 1207 11(10
797 1165 878 1208 sub
901 1165 1049 1207 robore
1074 1165 1185 1208 vivit

171 1236 346 1292 Stuppa
366 1250 546 1278 vomens
570 1236 749 1278 tardum
770 1234 960 1291 fumum,
985 1236 1218 1292 lentusque
1241 1235 1411 1278 carinas

170 1307 254 1349 Est
277 1321 422 1363 vapor,
447 1311 491 1349 et
514 1311 608 1349 toto
631 1306 856 1349 descendit
879 1320 1052 1362 corpore
1075 1305 1211 1362 pestis
1232 1319 1243 1360 ;

170 1378 265 1421 Nec
289 1378 400 1420 vires
423 1377 605 1419 heroum
626 1377 858 1433 infusaque
881 1377 1067 1419 flumina
1089 1383 1285 1434 prosunt.

170 1450 287 1492 Tum
310 1449 410 1506 pius
433 1448 608 1491 Aeneas
628 1448 824 1490 humeris
847 1448 1099 1491 abscindere
1121 1454 1304 1504 vestem,

167 1521 437 1576 Auxilioque
461 1534 612 1562 vocare
635 1520 750 1575 deos,
775 1524 820 1561 et
842 1519 1021 1561 tendere
1045 1519 1243 1576 palmas:

171 1592 198 1613 “
217 1592 400 1649 Jupiter
421 1591 716 1648 omnipotens,
742 1591 778 1633 si
800 1590 998 1633 nondum
1020 1605 1175 1633 exosus
1197 1590 1255 1632 ad
1277 1604 1415 1632 unum

168 1664 196 1685 “
217 1663 439 1720 Trojanos,
463 1662 498 1706 si
521 1662 628 1719 quid
649 1663 791 1720 pietas
814 1662 999 1719 antiqua
1020 1662 1187 1705 labores

169 1736 197 1757 ⁴‘
216 1734 413 1792 Respicit
434 1735 665 1789 humanos,
690 1734 747 1777 da
768 1733 996 1776 flammam
1018 1733 1199 1776 evadere
1223 1731 1352 1776 classi

170 1806 197 1828 ‘⁶
216 1806 363 1861 Nunc,
388 1811 528 1862 pater,
555 1809 601 1847 ct
624 1810 778 1848 tenues
803 1805 1025 1847 Teucrum
1047 1818 1113 1847 res
1136 1804 1251 1860 eripe
1273 1804 1363 1846 leto
1385 1818 1396 1858 ;

170 1877 196 1898 ‘⁴
216 1876 304 1918 Vel
326 1881 392 1930 tu,
418 1875 534 1931 quod
557 1879 776 1931 superest,
794 1874 955 1917 infesto
976 1874 1162 1917 fulmine
1184 1873 1333 1930 morti,

171 1947 199 1968 ‘⁴
217 1946 264 1990 Si
285 1960 461 2001 mereor,
487 1944 689 2000 demitte,
714 1949 880 2001 tuaque
902 1945 973 1988 hic
997 1945 1130 1988 obrue
1153 1946 1350 1989 dextra.’'

170 2017 262 2060 Vix
284 2017 391 2059 haec
415 2016 622 2070 ediderat,
647 2029 785 2071 quum
807 2015 955 2058 effusis
977 2015 1191 2059 imbribus
1213 2022 1309 2059 atra

171 2089 434 2145 Tempestas
457 2087 547 2130 sine
569 2101 685 2130 more
708 2086 830 2142 furit,
856 2087 1112 2144 tonitruque
1135 2088 1397 2131 tremiscunt

170 2160 326 2202 Ardua
349 2164 564 2201 terrarum
587 2162 632 2200 et
656 2158 826 2214 campi3
861 2158 949 2202 ruit
973 2159 1147 2201 aethere
1172 2164 1265 2202 toto

171 2229 396 2272 Turbidus
418 2228 559 2271 imber
579 2242 694 2284 aqua
717 2227 948 2284 densisque
971 2228 1234 2285 nigerrimus
1256 2230 1447 2286 Austris,

171 2301 510 2358 Implentur-que
535 2314 665 2356 super
686 2314 873 2356 puppes,
899 2301 1112 2343 semiusta
1135 2302 1399 2345 madescunt

171 2375 371 2428 Robora3
406 2372 649 2415 restinctus
672 2372 806 2414 donec
830 2386 967 2427 vapor
989 2373 1142 2428 omnis,
1168 2378 1214 2416 et
1238 2386 1403 2430 omnes,

172 2446 373 2499 Quatuor
394 2443 578 2499 amissis,
605 2448 801 2486 servatae
825 2457 850 2483 a
873 2448 993 2498 peste
1017 2443 1201 2486 carinae.

263 2516 328 2558 At
351 2520 479 2572 pater
501 2514 690 2570 Aeneas,
714 2528 817 2556 casu
840 2528 1074 2556 concussus
1097 2515 1263 2569 acerbo,

174 2587 303 2632 Nunc
325 2586 411 2629 11110
435 2586 636 2643 ingentes
658 2599 774 2628 nunc
798 2584 901 2628 111110
927 2590 1100 2641 pectore
1123 2600 1247 2628 curas

1523 734 1609 778 675

1521 1093 1610 1137 680

1522 1449 1609 1492 685

1522 1803 1610 1847 690

1523 2163 1609 2206 695

1521 2513 1610 2559 700
