1757 2916
139 110 226 152 130
626 124 857 155 AENEmos
890 125 975 156 LIB.
1013 125 1073 156 vr.

140 229 168 251 “
188 230 502 287 Transportare
525 231 659 288 prius,
683 247 819 289 quam
843 233 1017 276 sedibus
1039 248 1135 276 ossa
1157 233 1378 290 quierunt.

140 301 169 323 ‘⁶
189 302 386 345 Centum
408 309 555 346 errant
577 318 714 347 annos
736 304 1013 361 volitantque
1034 305 1142 348 haec
1164 305 1294 348 litora
1317 305 1483 348 circum
1503 320 1515 360 3

140 373 168 394 “
188 374 306 416 Tum
329 374 509 416 demum
531 375 710 417 admissi
733 380 891 432 stagna
909 381 1119 432 exoptata
1142 376 1379 420 revisunt.”
1489 377 1575 419 330

140 445 355 489 Constitit
378 445 575 488 Anchisa
599 451 722 488 satus
744 451 789 488 et
812 446 1000 503 vestigia
1024 447 1194 503 pressit,

140 516 286 559 Multa
309 521 485 573 putans,
511 522 759 572 sortemque
782 516 927 559 animo
950 517 1186 560 miseratus
1207 518 1407 574 iniquam
1427 533 1436 562 ε

141 588 291 633 Cernit
314 588 377 631 ibi
398 593 587 630 maestos
610 593 654 630 et
677 588 830 630 mortis
852 588 1012 630 honore
1036 594 1232 631 carentes

139 658 403 715 Leucaspim
425 664 470 700 et
493 657 652 713 Lyciae
674 658 905 700 ductorem
928 658 1078 701 classis
1102 658 1312 713 Oronten,

140 730 270 783 Quos,
298 730 433 773 simul
454 743 480 771 a
505 728 634 785 Troja
656 734 840 772 ventosa
861 743 938 786 per
958 744 1148 786 aequora
1171 735 1334 785 vectos,
1491 731 1578 775 335

142 800 303 844 Obruit
326 800 506 856 Auster,
532 815 648 856 aqua
669 800 893 844 involvens
915 815 1162 857 navemque
1183 800 1396 857 virosque.

232 872 347 915 Ecce
369 872 638 929 gubernator
660 886 752 915 sese
775 873 1013 916 Palinurus
1037 873 1214 930 agebat,

141 943 227 996 Qui
250 943 416 999 Libyco
438 957 579 1000 nuper
601 958 746 999 cursu,
771 945 879 986 dum
901 944 1041 987 sidera
1065 949 1224 1000 servat,

140 1014 379 1057 Exciderat
401 1014 543 1071 puppi
565 1014 719 1057 mediis
742 1014 906 1058 effusus
923 1014 970 1057 in
992 1015 1134 1059 undis.

141 1084 274 1127 Hunc
298 1085 376 1127 ubi
398 1085 472 1127 vix
494 1086 639 1128 multa
660 1091 883 1129 maestum
905 1086 1107 1143 cognovit
1130 1086 1176 1129 in
1198 1087 1357 1129 umbra
1377 1100 1388 1142 ;
1491 1087 1579 1130 340

142 1155 212 1199 Sic
235 1155 350 1212 prior
372 1156 638 1212 alloquitur:
677 1156 705 1177 “
726 1157 832 1211 Quis
854 1163 914 1213 te,
939 1157 1162 1214 Palinure,
1187 1159 1368 1201 deorum

143 1225 168 1245 ‘⁶
186 1225 364 1282 Eripuit
387 1227 527 1282 nobis,
551 1227 782 1283 medioque
804 1228 885 1270 sub
907 1243 1092 1285 aequore
1116 1229 1266 1271 mersit
1283 1230 1304 1272 Ρ

143 1295 171 1317 “
192 1296 275 1339 Dic
298 1311 377 1353 age
397 1311 407 1341 :
444 1312 634 1354 namque
659 1298 781 1354 mihi,
805 1299 940 1341 fallax
962 1299 1081 1342 haud
1103 1305 1206 1342 ante
1229 1305 1440 1357 repertus,

148 1366 175 1387 ‘⁴
192 1367 288 1410 Hoc
310 1382 397 1410 uno
421 1383 624 1425 responso
645 1369 845 1411 animum
867 1370 1030 1413 delusit
1053 1371 1229 1427 Apollo,

143 1439 171 1459 ‘⁶
190 1439 278 1492 Qui
299 1439 388 1481 fore
412 1444 456 1481 te
479 1445 614 1495 ponto
636 1440 915 1496 incolumem,
940 1441 1135 1497 finesque
1158 1442 1345 1485 canebat
1491 1443 1579 1487 345

143 1508 168 1529 “
189 1509 445 1552 Venturum
468 1510 699 1554 Ausonios.
765 1510 836 1553 En
857 1511 965 1554 haec
989 1511 1202 1568 promissa
1222 1513 1331 1555 fides
1354 1519 1419 1555 est
1436 1518 1444 1557 !
1463 1515 1488 1532 '’

143 1580 225 1622 Ille
248 1585 401 1623 autem
421 1594 431 1624 ε
469 1580 497 1601 “
513 1581 671 1637 Neque
693 1586 740 1624 te
763 1582 930 1625 Phoebi
953 1582 1122 1625 cortina
1143 1583 1316 1640 fefellit,

143 1650 294 1693 “Dux
316 1651 600 1708 Anchisiade,
623 1667 703 1695 nec
725 1667 796 1695 me
820 1654 927 1696 deus
949 1668 1133 1710 aequore
1156 1654 1307 1697 mersit
1327 1669 1336 1699 :

142 1721 169 1742 ‘⁶
187 1721 391 1778 Namque
415 1723 732 1779 gubernaclum
754 1725 898 1766 multa
921 1724 965 1767 vi
986 1724 1096 1767 forte
1120 1725 1356 1782 revulsum,

143 1792 170 1813 “
190 1792 275 1835 Cui
296 1793 428 1836 datus
451 1794 687 1837 haerebam
710 1800 857 1838 custos
880 1810 1119 1852 cursusque
1141 1797 1355 1853 regebam,
1492 1797 1580 1841 350

143 1862 171 1883 “
189 1862 494 1919 Praecipitans
516 1864 629 1906 traxi
653 1879 841 1909 mecum.
906 1865 1050 1907 Maria
1071 1880 1227 1922 aspera
1243 1866 1357 1922 juro,

144 1932 171 1952 “
190 1932 292 1975 Non
314 1934 459 1975 ullum
480 1949 556 1990 pro
578 1923 649 1976 me
671 1940 852 1977 tantum
874 1935 1037 1992 cepisse
1060 1936 1278 1993 timorem,

145 2002 172 2023 ‘⁶
193 2004 338 2057 Quam
362 2010 442 2047 tua
464 2019 518 2047 ne
543 2005 732 2061 spoliata
756 2005 904 2062 armis,
930 2021 1114 2050 excussa
1137 2008 1362 2065 magistro,

144 2073 172 2094 ‘⁵
192 2074 410 2117 Deficerct
433 2075 574 2118 tantis
595 2076 720 2119 navis
743 2077 1023 2133 surgentibus
1045 2077 1187 2122 undis.
1560 2137 1562 2139 -

144 2144 171 2165 “
193 2145 301 2188 Tres
324 2145 469 2189 Notus
490 2146 694 2189 hibernas
716 2147 929 2191 immensa
951 2163 1030 2205 per
1052 2164 1241 2206 aequora
1263 2155 1415 2194 noctes
1495 2153 1580 2197 355

145 2216 172 2236 “
191 2215 331 2259 Vexit
354 2231 425 2259 me
447 2217 666 2261 violentus
687 2233 829 2274 aqua;
863 2219 939 2262 vix
960 2220 1128 2263 lumine
1150 2227 1308 2277 quarto

144 2285 174 2308 “
193 2286 403 2343 Prospexi
426 2287 610 2330 Italiam
633 2303 807 2331 summa
830 2290 1029 2333 sublimis
1053 2291 1108 2333 ab
1130 2292 1264 2335 unda.

145 2357 174 2378 ‘⁶
194 2358 439 2400 Paullatim
462 2359 682 2401 adnabam
704 2365 841 2402 terrae
858 2374 868 2414 ;
898 2360 992 2416 jam
1015 2366 1117 2419 tuta
1139 2363 1361 2419 tenebam,

145 2427 250 2470 “Ni
272 2444 377 2485 gens
400 2429 586 2473 crudelis
609 2430 787 2473 madida
809 2446 910 2473 cum
934 2437 1053 2475 veste
1076 2437 1324 2489 gravatum,

148 2499 171 2520 ‘⁶
193 2499 569 2557 Prcnsantcmque
592 2501 716 2544 uncis
738 2502 942 2545 manibus
964 2504 1112 2560 capita
1129 2518 1281 2560 aspera
1298 2505 1477 2560 montis,
1494 2506 1580 2548 360

146 2571 170 2590 “
191 2570 321 2613 Ferro
343 2570 587 2628 invasisset,
613 2573 907 2629 pr·ae‹la111quc
931 2574 1081 2630 ignara
1104 2580 1317 2631 putasset.
