1757 2916
159 124 249 168 226
265 169 268 172 ,
661 132 893 164 Annmnos
926 133 1015 163 Lm.
1051 132 1095 162 x.

161 244 282 288 Pone
306 258 491 300 sequens
514 243 673 286 dextra
695 241 884 299 puppim
906 245 1044 295 tenet,
1069 239 1256 296 ipsaque
1278 239 1403 281 dorso

160 315 358 371 Eminet,
382 329 432 357 ac
456 315 579 357 laeva
602 312 749 356 tacitis
774 311 1050 367 subremigat
1073 311 1204 353 undis
1224 324 1235 365 3

163 386 282 428 Tum
305 386 366 429 sic
388 386 591 442 ignarum
614 383 856 439 alloquitur
880 396 889 426 :
929 381 955 402 ‘⁴
972 381 1212 438 Vigilasne,
1238 382 1373 424 desim
1395 395 1516 438 gens,

163 457 192 478 ‘⁶
208 457 363 499 Aenea
382 458 403 500 Ρ
470 455 634 512 Vigila,
660 459 705 496 et
727 453 834 496 velis
855 452 1052 494 immitte
1075 453 1292 496 rudentes.
1324 471 1332 484 ε

163 529 190 549 “
206 528 299 571 Nos
322 542 486 582 sumus,
513 526 673 568 Idaeae
696 539 815 568 sacro
837 525 891 567 de
915 523 1078 566 vertice
1101 523 1246 580 pinus,
1511 524 1600 565 230

164 600 190 621 “
206 599 338 642 Nunc
362 598 506 655 pelagi
529 596 783 652 Nymphae,
808 594 959 638 classis
983 600 1075 640 tua.
1144 594 1344 637 Perfidus
1367 603 1420 637 ut
1443 610 1520 637 nos

166 671 192 691 ‘⁶
210 669 478 725 Praecipites
500 668 612 710 ferro
636 666 836 709 Rutulus
858 665 1132 722 flammaque
1155 665 1385 721 premebat
1409 679 1419 719 ;

165 741 191 762 ‘⁶
211 741 434 797 Rupimus
456 739 623 782 invitae
646 743 725 780 tua
747 737 939 792 vincula,
965 742 1100 793 teque
1125 751 1204 793 per
1225 751 1391 792 aequor

165 813 191 833 ‘⁴
210 811 484 866 Quaerimus.
552 809 682 852 Hanc
706 808 909 866 genetrix
929 808 1089 850 faciem
1111 807 1319 850 miserata
1341 806 1507 862 refecit,

164 884 191 905 ‘⁴
209 884 271 927 Et
296 883 420 926 dedit
443 896 535 925 esse
558 882 663 924 deas
686 894 933 936 aevumque
956 881 1126 936 agitare
1149 879 1232 922 sub
1255 878 1397 923 undis.
1513 878 1601 921 235

164 955 193 977 “
208 955 273 998 At
296 969 405 1012 puer
427 952 647 996 Ascanius
668 966 795 994 muro
817 951 1029 1007 fossisque
1051 956 1231 993 tenetur

165 1026 317 1068 “Tela
339 1025 457 1068 inter
478 1023 624 1066 media
645 1028 782 1079 atque
804 1022 1028 1065 horrentes
1052 1022 1198 1064 Marte
1222 1020 1418 1064 Latinos.

165 1096 194 1117 ‘⁴
210 1097 239 1140 J
245 1111 317 1138 am
339 1096 435 1138 loca
452 1095 577 1151 jussa
600 1098 723 1136 tenet
745 1093 847 1135 forti
868 1093 1115 1149 permixtus
1138 1092 1327 1134 Etrusco

166 1167 194 1189 ‘⁶
209 1167 349 1210 Arcas
372 1180 502 1222 eques
525 1179 536 1220 5
572 1164 739 1231 medias
761 1163 848 1206 illis
871 1177 1088 1219 opponere
1111 1167 1296 1217 turmas,

166 1238 194 1259 “
210 1239 279 1281 Ne
302 1238 455 1281 castris
472 1237 681 1293 jungant,
706 1240 826 1278 certa
848 1240 915 1277 est
939 1234 1160 1277 sententia
1184 1233 1347 1276 Turno.
1513 1231 1603 1274 240

167 1311 194 1331 “
213 1311 349 1367 Surge
374 1324 467 1366 age,
493 1313 537 1351 et
560 1308 733 1350 Aurora
757 1306 892 1349 socios
915 1305 1121 1347 veniente
1145 1304 1289 1347 vocari

167 1382 195 1403 ‘⁶
212 1382 389 1424 Primus
411 1380 458 1422 in
480 1393 601 1429 arma
628 1378 750 1434 jube,
775 1382 821 1419 et
844 1376 1037 1432 clipeum
1061 1390 1181 1432 cape,
1207 1390 1338 1431 quem
1361 1375 1484 1418 dedit
1509 1375 1602 1431 ipse

168 1453 194 1473 ‘⁴
211 1452 437 1494 Invictum
460 1436 721 1506 Ignipotens
744 1452 880 1504 atque
902 1461 998 1489 oras
1021 1446 1178 1488 ambiit
1201 1461 1317 1489 auro.

167 1524 194 1545 ‘⁶
212 1523 416 1567 Crastina
438 1522 533 1577 lux,
560 1535 659 1563 mea
684 1519 721 1563 si
742 1534 831 1562 non
853 1518 977 1561 irrita
999 1518 1119 1560 dicta
1141 1517 1328 1574 putaris,

167 1594 420 1650 “Ingentes
443 1592 641 1635 Rutulae
665 1589 883 1647 spectabit
906 1589 1052 1632 caedis
1074 1590 1288 1632 acervos„'’
1514 1587 1603 1632 245

167 1666 366 1721 Dixerat,
392 1670 439 1708 et
461 1665 619 1707 dextra
642 1663 867 1706 discedens
889 1661 1072 1718 impulit
1096 1661 1249 1716 altam,

168 1738 302 1781 Haud
324 1737 475 1794 ignara
497 1736 630 1791 modi,
654 1733 855 1792 puppim.
919 1732 1060 1790 Fugit
1083 1732 1161 1774 illa
1181 1746 1260 1789 per
1281 1731 1423 1774 undas

169 1809 295 1853 Ocior
318 1813 362 1851 et
379 1808 528 1864 jaculo
551 1813 595 1850 et
618 1812 771 1849 ventos
794 1809 1013 1861 aequante
1037 1803 1214 1860 sagitta.

170 1881 279 1923 Inde
303 1880 414 1922 aliae
439 1879 632 1921 celerant
655 1891 819 1920 cursus.
887 1876 1051 1931 Stupet
1072 1874 1236 1917 inscius
1259 1873 1352 1930 ipse

170 1951 277 1993 Tros
300 1949 605 2003 Anchisiades,
631 1947 800 1990 animos
824 1951 976 1988 tamen
999 1944 1146 1987 omine
1168 1942 1299 1987 tollit.
1515 1943 1605 1987 250

170 2022 289 2065 Tum
311 2021 500 2065 breviter
523 2033 680 2076 supera
702 2019 967 2074 adspectans
989 2030 1183 2059 convexa
1205 2019 1409 2071 precatur
1429 2029 1439 2059 ε

171 2095 199 2116 “
221 2095 350 2137 Alma
371 2107 527 2150 parens
550 2092 685 2134 Idaea
707 2090 856 2145 deum,
880 2089 954 2131 cui
977 2088 1205 2145 Dindyma
1226 2087 1345 2131 cordi

173 2166 199 2186 ‘⁶
216 2165 564 2226 Turrigeraequc
587 2163 716 2205 urbes
738 2161 965 2218 bijugique
987 2161 1045 2202 ad
1066 2160 1189 2202 frena
1211 2160 1373 2216 leones,

173 2238 199 2258 ‘⁴
217 2237 289 2280 Tu
310 2237 420 2280 mihi
442 2250 558 2279 nunc
583 2249 757 2292 pugnae
781 2233 998 2290 princeps,
1023 2237 1076 2275 tu
1098 2232 1182 2275 rite
1204 2231 1469 2289 propinques

173 2311 199 2331 ‘⁴
216 2310 483 2367 Augurium,
501 2307 836 2364 Phrygibusque
856 2305 971 2348 adsis
989 2305 1113 2362 pede,
1131 2304 1249 2360 diva,
1267 2303 1497 2347 secundo.'’
1516 2302 1604 2346 255

173 2383 373 2425 Tantum
396 2381 570 2435 effatus,
597 2385 641 2422 et
663 2379 831 2420 interea
855 2376 1052 2419 revoluta
1074 2375 1230 2418 ruebat

146 2493 151 2500 .
175 2456 353 2498 Matura
369 2457 463 2511 jam
486 2454 583 2496 luce
606 2452 697 2494 dies
720 2455 981 2505 noctemque
1003 2449 1194 2504 fugarat.

175 2526 395 2582 Principio
419 2523 544 2568 sociis
567 2521 714 2576 edicit,
741 2520 866 2576 signa
890 2523 1149 2574 sequantur,

174 2597 324 2653 Atque
349 2596 517 2639 animos
540 2597 697 2651 aptent
721 2591 864 2636 armis,
890 2602 1153 2646 pugnaeque
1176 2592 1332 2645 parent
1355 2601 1412 2631 se.
