1741 2902
565 146 793 176 AENEIDos
825 146 909 176 LIB.
948 146 1045 192 vin,
1446 134 1526 176 185

105 254 399 310 Addiderant,
424 254 546 296 rutili
567 258 654 296 tres
675 253 789 310 ignis
811 259 855 296 et
877 254 995 296 alitis
1018 253 1174 296 Austri
1193 267 1205 308 ;
1439 253 1528 295 430

104 325 312 382 Fulgores
335 340 451 368 nunc
474 325 680 368 terrificos
704 325 980 381 sonitumque
1004 331 1264 380 metumque

106 397 352 439 Miscebant
374 397 506 453 operi,
530 397 806 452 flammisque
830 397 1090 452 sequacibus
1112 397 1208 440 iras.

106 467 237 509 Parte
259 467 344 509 alia
367 467 500 509 Marti
523 482 786 523 currumque
810 474 1011 523 rotasque
1034 468 1231 510 volucres

106 538 354 593 Instabant,
379 530 538 594 quibus
560 539 632 580 ille
654 539 780 593 viros,
806 539 963 594 quibus
986 539 1151 581 excitat
1174 539 1300 581 urbes
1325 553 1336 593 3

107 609 362 665 Aegidaque
384 609 649 665 horrifer-am,
675 610 879 652 turbatae
904 610 1098 652 Palladis
1123 625 1257 665 arma,
1441 610 1529 653 435

107 679 322 722 Certatim
345 679 537 735 squamis
560 685 812 735 serpentum
834 694 1024 736 auroque
1047 681 1259 736 polibant,

108 749 423 805 Connexosque
448 741 876 806 angues,'ipsamque
898 751 944 792 in
966 757 1138 807 pectore
1162 751 1288 793 divae

108 820 324 876 Gorgona,
348 821 522 863 desecto
544 826 789 863 vertentem
810 821 978 863 lumina
1001 822 1119 864 collo.

109 890 137 911 “
155 890 316 933 Tollite
340 892 539 933 cuncta”
562 891 707 946 inquit
732 891 761 912 ‘⁴
776 898 1035 947 coeptosque
1058 893 1227 936 auferte
1250 894 1430 949 labores,

109 961 137 982 “
154 962 344 1004 Aetnaei
367 961 589 1017 Cyclopes,
615 967 660 1004 et
680 962 765 1004 huc
788 963 1001 1005 advertite
1023 970 1229 1007 mentem.
1443 963 1532 1007 440

110 1031 138 1052 ‘⁶
155 1031 293 1074 Arma
315 1031 404 1074 acri
424 1025 624 1074 facienda
646 1031 746 1075 viro.
811 1031 941 1074 Nunc
966 1032 1128 1075 viribus
1149 1048 1270 1088 usus,

110 1101 138 1123 ‘⁶
155 1101 286 1144 Nunc
309 1101 511 1144 manibus
534 1101 709 1157 rapidis,
734 1103 852 1144 omni
873 1117 988 1145 nunc
1012 1109 1106 1146 arte
1128 1104 1353 1160 magistra.

111 1172 139 1194 ‘⁴
157 1172 454 1229 Praecipitate
472 1176 637 1216 moras!
656 1174 679 1191 ’²
743 1173 837 1216 Nec
860 1174 986 1230 plura
1009 1174 1182 1230 effatus,
1210 1180 1257 1217 at
1278 1175 1344 1217 illi

110 1242 242 1286 Ocius
262 1242 497 1285 incubuere
519 1256 680 1297 omnes,
705 1242 951 1299 pariterque
973 1244 1163 1286 laborem

112 1313 276 1358 Sortiti.
339 1311 465 1355 Fluit
488 1327 560 1355 aes
581 1313 683 1355 rivis
705 1313 884 1369 aurique
906 1315 1152 1370 metallum,
1446 1314 1536 1359 445

111 1383 444 1439 Vulnificusque
466 1383 644 1439 chalybs
665 1389 792 1426 vasta
812 1384 983 1427 fornace
1004 1385 1219 1441 liquescit.

111 1455 346 1510 Ingentem
368 1454 560 1510 clipeum
582 1454 834 1509 informant,
857 1469 998 1496 unum
1019 1456 1164 1498 omnia
1187 1462 1338 1499 contra

113 1524 222 1566 Tela
244 1524 515 1579 Latinorum,
540 1529 824 1580 septenosque
847 1525 1021 1568 orbibus
1043 1526 1165 1569 orbes

113 1594 384 1651 Impediunt.
447 1594 541 1636 Alii
562 1594 752 1637 ventosis
774 1594 950 1637 follibus
973 1610 1098 1638 auras

113 1665 355 1721 Accipiunt
377 1665 653 1720 redduntque
672 1677 684 1718 3
719 1665 794 1707 alii
816 1665 1047 1708 stridentia
1064 1666 1275 1723 tinguunt
1448 1667 1539 1712 450

113 1736 230 1779 Aera
250 1736 350 1778 lacu
366 1749 377 1790 3
411 1735 548 1791 gemit
570 1735 785 1791 impositis
807 1735 1040 1779 incudibus
1063 1743 1257 1781 antrum.

114 1807 188 1849 Illi
209 1807 323 1849 inter
345 1820 434 1848 sese
455 1806 598 1848 multa
619 1806 664 1847 vi
685 1806 861 1848 brachia
884 1807 1047 1850 tollunt

115 1877 171 1920 In
192 1892 439 1932 numerum,
463 1881 724 1932 versantque
747 1877 893 1919 tenaci
912 1877 1075 1934 forcipe
1098 1893 1299 1923 massam.

206 1948 326 1991 Haec
349 1953 474 2005 pater
495 1947 658 1990 Aeoliis
680 1954 882 2004 properat
904 1949 1011 1991 dum
1033 1949 1241 1993 Lemnius
1264 1950 1360 2007 oris,

115 2020 372 2062 Evandrum
393 2034 448 2062 ex
469 2019 627 2062 humili
648 2025 765 2062 tecto
786 2020 865 2063 lux
888 2021 1072 2064 suscitat
1095 2022 1212 2064 alma
1453 2022 1541 2067 455

117 2091 178 2133 Et
198 2090 411 2132 matutini
430 2091 657 2133 voluerum
680 2091 761 2133 sub
783 2091 973 2134 culmine
997 2098 1166 2137 cantus.

119 2161 352 2217 Consurgit
375 2161 528 2215 senior,
552 2161 790 2217 tunicaque
811 2161 1036 2205 inducitur
1056 2169 1191 2219 artus,

118 2232 179 2274 Et
203 2231 428 2286 Tyrrhena
450 2231 611 2286 pedum
633 2231 877 2274 circumdat
899 2232 1074 2275 vincula
1096 2234 1262 2289 plantis
1279 2248 1289 2288 ;

120 2302 239 2344 Tum
260 2301 385 2344 lateri
406 2307 538 2356 atque
559 2301 752 2343 humeris
777 2301 1025 2358 Tegeaeum
1047 2303 1240 2360 subligat
1263 2318 1422 2359 ensem,

81 2400 87 2406 -
121 2373 323 2416 Demissa
345 2373 400 2414 ab
422 2372 546 2414 laeva
568 2372 806 2428 pantherae
829 2376 955 2428 terga
977 2378 1240 2428 retorquens.
1455 2372 1545 2417 460

121 2443 217 2487 Nec
240 2458 327 2486 non
349 2448 395 2486 et
417 2443 582 2500 gemini
604 2443 805 2485 custodes
827 2442 976 2485 limine
999 2444 1054 2486 ab
1076 2444 1166 2486 alto

122 2514 398 2558 Praecedum
420 2528 701 2571 gressumque
724 2527 851 2555 canes
874 2513 1140 2557 comitantur
1160 2514 1355 2557 herilem.

126 2585 323 2643 Hospitis
344 2585 523 2628 Aeneae
546 2585 692 2628 sedem
715 2589 758 2626 et
782 2592 946 2627 secreta
968 2585 1164 2641 petebat,
