1757 2916
123 109 212 154 252
621 118 850 150 AENmnos
883 118 969 147 Lm.
1007 117 1068 147 XI.

127 231 153 251 “
175 230 294 273 Vota
318 243 550 286 precesque
573 242 711 282 meae,
737 232 890 282 tuque,
915 240 939 267 o
959 224 1242 267 sanctissima
1265 221 1444 279 conjUX,

126 301 151 321 “
170 300 302 343 Felix
324 305 466 343 morte
489 305 582 355 tua,
606 313 748 354 neque
770 297 816 339 in
836 297 955 338 hunc
980 301 1152 338 servata
1174 295 1364 338 dolorem
1387 297 1397 338 !

126 373 151 392 ‘⁶
173 372 338 415 Contra
361 386 438 428 ego
460 371 644 413 vivendo
666 369 751 411 vici
773 382 871 409 mea
892 367 1002 422 fata,
1028 372 1248 423 superstes
1481 364 1567 407 160

128 443 153 464 “
172 444 404 486 Restarem
426 447 478 484 ut
502 441 682 497 genitor.
749 439 920 481 Troum.
939 437 1054 480 socia
1077 451 1199 479 arma
1223 442 1427 479 secutum

129 515 158 536 ‘⁶
177 515 424 558 Obruerent
447 511 610 555 Rutuli
632 510 733 553 telis
751 524 761 564 3
796 509 994 551 animam
1017 508 1110 564 ipse
1131 508 1364 564 dedissem,

128 585 156 607 “
172 586 324 641 Atque
346 584 452 626 11300
476 596 640 639 pompa
663 582 844 623 domum
867 594 952 634 me,
979 594 1067 621 non
1089 579 1313 634 Pallanta,
1338 578 1514 621 referret
1535 582 1544 622 l

129 655 155 676 ‘⁶
174 655 266 697 Nec
290 669 364 697 vos
387 652 618 709 arguerim,
645 651 820 705 Teucri,
845 664 924 692 nec
946 650 1132 705 foedera,
1156 663 1236 691 nec
1260 663 1368 704 quas

129 727 156 746 ‘³
173 726 203 768 ‚J
211 726 418 768 unximus
440 724 631 781 hospitio
654 724 859 766 dextras:
897 736 984 764 sors
1006 721 1093 763 ista
1116 726 1318 763 senectae
1483 721 1570 763 165

129 798 155 817 “
179 797 342 839 Debita
365 801 458 838 erat
481 801 667 838 nostrae.
734 794 860 847 Quod
886 793 921 835 si
946 793 1187 834 immatura
1210 792 1420 834 manebat

130 869 156 888 ‘⁴
178 868 296 911 Mors
318 873 507 925 gnatum
528 882 538 922 3
574 866 710 910 caesis
733 865 995 908 Volscorum
1018 863 1215 906 millibus
1238 868 1357 918 ante,

131 941 157 960 ‘⁶
181 941 436 982 Ducentem
458 939 504 981 in
527 938 712 981 Latium
735 937 940 992 Teucros,
966 936 1172 978 cecidisse
1189 934 1379 991 juvaret.

131 1012 157 1032 ‘⁶'
178 1012 293 1065 Quin
319 1026 397 1068 ego
418 1026 505 1053 non
527 1011 612 1053 alio
634 1010 786 1067 digner
807 1014 855 1051 te
870 1008 1045 1063 funere,
1072 1007 1215 1062 Palla,

132 1083 159 1104 ‘⁴
178 1083 323 1136 Quam
337 1083 437 1139 pius
452 1081 640 1136 Aeneas,
657 1086 701 1123 et
721 1094 855 1136 quam
873 1079 1024 1136 magni
1044 1078 1253 1134 Phryges,
1270 1082 1314 1119 et
1331 1090 1466 1133 quam
1485 1074 1572 1121 170

133 1154 159 1175 “
178 1154 478 1210 Tyrrhenique
501 1154 648 1208 duces,
675 1152 953 1208 Tyrrhenum
976 1151 1195 1193 exercitus
1217 1149 1369 1194 omnis,

134 1224 160 1245 ‘⁶
180 1224 344 1281 Magna
366 1229 544 1281 tropaea
564 1223 726 1278 ferunt,
752 1236 859 1278 quos
882 1222 960 1264 dat
984 1227 1062 1264 tua
1085 1222 1266 1264 dextera
1288 1221 1389 1264 leto.

134 1294 162 1315 ‘⁶
182 1295 253 1337 Tu
275 1309 447 1351 quoque
471 1308 587 1336 nunc
611 1299 751 1335 stares
773 1292 979 1334 immanis
1002 1297 1189 1334 truncus
1212 1291 1260 1333 in
1284 1291 1429 1346 armis,

135 1364 308 1408 “Esset
331 1381 410 1422 par
431 1370 551 1407 aetas
575 1369 618 1406 et
640 1363 758 1406 idem
780 1363 815 1406 si
837 1363 966 1406 robur
988 1363 1045 1405 ab
1069 1362 1208 1417 annis,

136 1436 162 1457 ‘⁶
183 1437 342 1479 Turne.
412 1436 498 1479 Sed
520 1435 676 1477 infelix
700 1434 890 1477 Teucros
914 1433 1022 1490 quid
1045 1434 1243 1476 demoror
1266 1433 1434 1476 armis?
1487 1429 1571 1476 175

136 1508 163 1528 ‘⁴
182 1508 343 1550 Vadite
366 1512 410 1549 et
433 1507 539 1549 haec
562 1520 776 1548 memores
799 1505 889 1562 regi
911 1505 1126 1548 mandata
1151 1504 1338 1548 referte:

138 1579 165 1598 ‘³
183 1578 308 1632 Quod
332 1578 471 1620 vitam
493 1592 637 1620 moror
657 1576 860 1632 invisam,
886 1576 1093 1619 Pallante
1116 1581 1328 1632 peremto,

136 1650 374 1692 “Dextera
397 1664 529 1692 causa
551 1654 632 1692 tua
656 1653 736 1704 est,
763 1648 966 1690 Turnum
988 1652 1210 1705 gnatoque
1233 1633 1438 1704 patrique

137 1722 162 1741 ‘⁶
184 1722 325 1775 Quam
352 1722 508 1764 debere
532 1721 663 1764 vides.
730 1719 901 1763 Meritis
923 1724 1054 1762 vacat
1075 1719 1146 1762 hic
1170 1718 1256 1762 tibi
1278 1719 1395 1762 solus

138 1792 164 1813 “
185 1792 498 1849 Fortunaeque
521 1793 653 1834 locus.
718 1791 820 1834 Non
842 1791 960 1833 vitae
983 1790 1146 1846 gaudia
1169 1804 1328 1846 quaero
1344 1816 1361 1822 -
1489 1789 1573 1830 180

138 1864 164 1884 “
185 1864 278 1906 Nec
300 1864 395 1906 fas-
410 1898 421 1919 ,
447 1864 522 1906 sed
544 1868 679 1919 gnato
703 1862 857 1904 Manes
880 1862 1065 1917 perferre
1089 1862 1170 1903 sub
1192 1860 1343 1904 imos.'’

229 1935 399 1977 Aurora
421 1934 590 1976 interea
611 1932 782 1975 miseris
804 1931 1066 1974 mortalibus
1089 1932 1254 1974 almam

140 2006 375 2047 Extulorat
401 2004 559 2059 lucem,
584 2003 770 2046 referens
792 2017 923 2059 opera
946 2007 1082 2058 atquc
1104 2001 1301 2045 labores:

139 2077 243 2119 dam
268 2080 392 2131 pater
415 2074 602 2129 Aeneas,
622 2074 718 2129 jam
740 2088 872 2115 curvo
895 2073 940 2115 in
963 2072 1090 2115 litore
1114 2072 1314 2115 Tarchon

141 2146 420 2188 Constituere
445 2160 582 2201 pyras
650 2144 749 2186 Huc
774 2158 951 2200 corpora
975 2143 1162 2199 quisque
1186 2157 1363 2185 suorum
1493 2143 1577 2186 185

141 2219 262 2261 More
285 2218 425 2261 tulere
449 2222 644 2274 patruni,
670 2216 964 2272 subjectisque
988 2215 1164 2273 ignibus
1187 2214 1296 2258 atris

142 2290 358 2333 Conditur
378 2289 424 2331 in
446 2288 648 2331 tenebras
671 2288 815 2330 altum
839 2287 1024 2344 ealigine
1047 2287 1227 2330 coelum.

142 2361 229 2403 Ter
251 2359 418 2403 circum
440 2373 642 2403 accensos
663 2358 798 2401 cincti
815 2358 1090 2415 fulgentibus
1111 2358 1244 2400 armis

143 2431 380 2474 Decurrere
402 2444 550 2487 rogos3
586 2435 653 2472 ter
673 2434 893 2471 maestum
917 2429 1080 2472 funeris
1103 2429 1254 2485 ignem

142 2502 402 2545 Lustraverc
426 2500 472 2544 in
493 2500 632 2558 equis,
658 2500 942 2556 ululatusque
968 2514 1038 2543 ore
1062 2500 1228 2543 dedere.
1491 2497 1578 2541 190

145 2574 378 2631 Spargitur
399 2578 443 2616 et
469 2572 600 2616 tellus
620 2571 828 2625 lacrimis,
854 2577 1122 2629 sparguntur
1148 2577 1192 2613 et
1217 2584 1366 2625 arma3
