1741 2902
576 167 803 197 AENnmos
835 168 921 198 ΜΒ.
962 168 1058 198 V111.
1456 154 1540 201 177

110 276 140 298 ‘⁶
154 275 557 320 Laomedontiaden
580 275 824 331 Priamum,
852 275 1076 319 Salamina
1097 280 1340 332 petentem,

110 348 137 369 ‘⁶
153 348 368 391 Protenus
393 346 606 389 Arcadiae
630 347 793 403 gelidos
816 347 997 389 invisere
1020 346 1138 390 fines.

110 418 138 439 ‘⁶
155 419 271 461 Tum
292 417 403 460 mihi
425 417 567 474 prima
589 432 722 474 genas
744 417 935 460 vestibat
957 417 1060 460 flore
1078 417 1298 473 juventas,
1454 417 1541 463 160

109 488 136 509 “
155 489 432 544 Mirabarque
455 488 587 531 duces
613 488 815 543 Teucros,
841 488 1030 530 mirabar
1053 493 1099 530 et
1122 488 1270 544 ipsum

112 559 140 581 ‘⁶
157 559 562 602 Laomedontiaden
580 573 590 613 3
626 560 701 602 sed
723 559 894 602 cunctis
917 559 1045 602 altior
1065 559 1159 602 ibat

107 630 134 650 ‘⁴
155 629 381 673 Anchises.
446 629 560 672 Mihi
581 644 706 672 mens
723 628 921 685 juvenali
943 629 1124 672 ardebat
1146 644 1288 672 amore

107 699 134 721 ‘⁶
157 700 432 756 Compellare
454 700 612 755 virum,
637 701 882 742 etdextrae
906 700 1163 756 conjungere
1187 701 1400 744 dextram.

106 769 135 791 ‘⁶
153 770 342 824 Accessi,
368 776 413 813 et
437 770 623 826 cupidus
646 770 813 813 Phenei
835 771 914 813 sub
937 770 1108 813 moenia
1130 771 1249 814 duxi.
1453 772 1539 813 165

106 841 134 862 “
150 842 232 883 Ille
254 841 366 883 mihi
387 841 603 897 insignem
624 841 1140 897 pharetramLyciasque
1159 842 1343 898 sagittas

109 911 136 932 ‘⁴
158 911 398 954 Discedens
421 911 783 967 chlamydemque
806 926 910 953 auro
932 912 1053 954 dedit
1075 912 1382 968 intertextam,

106 982 132 1002 ⁴‘
152 982 380 1037 Frenaque
402 981 523 1036 bina,
547 995 671 1023 meus
694 995 807 1036 quae
829 995 945 1023 nunc
969 982 1118 1036 habet,
1143 997 1286 1037 aurea,
1313 973 1474 1025 Pallas.

105 1052 133 1074 “
151 1053 268 1109 Ergo
291 1057 350 1107 et,
375 1066 511 1107 quam
532 1052 700 1107 petitis,
718 1052 876 1107 juncta
897 1057 963 1094 est
985 1052 1094 1094 mihi
1114 1053 1282 1095 foedere
1304 1054 1475 1107 dextra,

104 1122 132 1143 “
150 1122 227 1177 Et,
251 1122 331 1164 lux
353 1136 492 1177 quum
515 1121 708 1177 primum
730 1121 856 1164 terris
879 1136 922 1164 se
945 1122 1134 1165 crastina
1157 1123 1323 1178 reddet,
1451 1120 1539 1166 170

104 1193 132 1214 “
147 1193 326 1236 Auxilio
348 1193 484 1235 laetos
506 1192 744 1248 dimittam,
768 1192 1011 1249 opibusque
1028 1192 1203 1249 juvabo.

103 1264 132 1286 ‘⁴
151 1265 328 1307 Interea
351 1279 470 1307 sacra
491 1264 612 1319 haec,
636 1264 811 1320 quando
833 1264 919 1306 huc
942 1264 1123 1307 venistis
1146 1264 1291 1320 amici,

104 1335 133 1356 “
151 1335 330 1391 Annua,
356 1349 468 1392 quae
490 1335 662 1385 differre
685 1335 818 1390 nefas,
844 1336 1060 1378 'celebrate
1081 1336 1280 1378 faventes

103 1406 131 1427 ‘⁴
151 1406 409 1462 Nobiscum,
434 1412 478 1449 et
495 1394 591 1462 jam
613 1421 729 1448 nunc
754 1406 967 1449 sociorum
989 1407 1226 1450 assuescite
1249 1406 1455 1450 mensis.”

101 1478 223 1520 Haec
245 1477 323 1520 ubi
345 1477 477 1532 dicta,
501 1478 634 1533 dapes
652 1477 779 1533 jubet
801 1483 846 1520 et
869 1478 1045 1520 sublata
1067 1478 1216 1534 reponi
1444 1476 1533 1522 175

55 1572 57 1575 ·
102 1548 280 1603 Pocula,
306 1547 616 1604 gramineoque
640 1548 749 1590 viros
769 1548 886 1590 locat
909 1548 1001 1603 ipse
1024 1549 1160 1603 sedili,

101 1619 486 1675 Praecipuumque
509 1624 602 1661 toro
625 1624 670 1661 et
691 1619 834 1667 yissosi.
856 1619 968 1675 pelle
989 1619 1124 1662 leonis

102 1690 281 1746 Accipit
304 1690 488 1733 Aenean
510 1690 702 1746 solioque
723 1690 885 1733 invitat
908 1705 1076 1734 acerno.

100 1761 218 1803 Tum
240 1761 346 1804 lecti
361 1761 542 1817 juvenes
564 1761 768 1804 certatim
789 1776 973 1817 araeque
997 1763 1190 1805 sacerdos

102 1832 282 1875 Viscera
305 1838 422 1876 tosta
442 1833 591 1875 ferunt
613 1839 855 1889 taurorum,
881 1839 1150 1889 onerantque
1174 1833 1374 1877 canistris
1439 1834 1526 1877 180

100 1902 230 1945 Dona
251 1903 473 1946 laboratae
499 1903 678 1959 Cereris,
704 1903 1016 1960 Bacchumque
1038 1903 1306 1948 ministrant.

100 1975 308 2018 Vescitur
329 1976 515 2031 Aeneas,
540 1976 671 2018 simul
694 1981 738 2018 et
764 1975 951 2032 Trojana
968 1974 1196 2032 juventus,

99 2045 311 2101 Perpetui
333 2051 452 2102 tergo
474 2045 596 2089 bovis
619 2051 663 2088 et
685 2046 942 2089 lustralibus
965 2046 1092 2089 extis.
1142 2054 1200 2099 „f

191 2116 434 2171 Postquam
456 2122 632 2159 exemta
652 2117 791 2159 fames
814 2121 858 2159 et
882 2131 1003 2159 amor
1024 2131 1294 2173 compressus
1317 2117 1487 2172 edendi,

100 2185 198 2229 Rex
219 2185 452 2228 Evandrus
475 2187 564 2230 ait:
602 2186 634 2208 ‘⁴
653 2187 756 2229 Non
772 2187 877 2229 haec
902 2187 1110 2229 solemnia
1133 2187 1272 2242 nobis,
1443 2189 1530 2230 185

98 2256 126 2277 ‘⁴
142 2257 237 2298 Has
261 2270 316 2298 ex
338 2270 454 2298 more
475 2257 622 2313 dapes,
646 2257 758 2299 hanc
782 2257 898 2299 tanti
920 2258 1113 2300 numinis
1137 2272 1256 2300 aram

98 2326 126 2349 “
144 2327 274 2369 Vana
296 2326 547 2382 superstitio
568 2332 852 2382 veterumque
875 2328 1027 2383 ignara
1050 2328 1231 2369 deorum

98 2396 125 2418 “
141 2397 360 2453 Imposuit
381 2411 393 2452 ;
428 2397 578 2452 saevis,
601 2397 757 2452 hospes
781 2396 981 2452 Trojane,
1007 2396 1179 2453 periclis

98 2468 124 2490 “
145 2468 319 2513 Servati
340 2468 542 2523 facimus,
566 2467 829 2523 meritosque
852 2482 1062 2510 novamus
1085 2467 1276 2510 honores.

97 2538 126 2560 “
142 2539 174 2582 J
177 2554 248 2581 am
270 2538 465 2595 primum
488 2538 603 2580 saxis
626 2552 880 2594 suspensam
902 2538 1014 2580 hanc
1038 2538 1212 2593 adspice
1230 2551 1384 2593 rupem
1404 2551 1413 2580 t
1442 2537 1529 2581 190

98 2608 124 2630 “
140 2607 360 2665 Disjectae
383 2609 534 2665 procul
557 2614 606 2650 ut
630 2609 777 2672 moles,
804 2608 1058 2664 desertaque
1083 2609 1242 2651 montis

409 2688 428 2715 ξ
435 2686 454 2699 ‚2-
