1731 2923
578 152 806 182 AENEIDos
838 152 924 183 Lm.
959 153 1040 183 vn.
1438 143 1522 187 169

96 260 205 304 Jam
228 260 365 303 senior
384 273 395 314 ;
429 259 582 315 patriis
605 259 680 302 sed
702 274 789 301 non
811 265 855 301 et
878 259 995 303 filius
1017 260 1132 303 arvis

97 330 358 386 Contentus,
381 330 472 372 late
489 329 584 386 jam
606 336 703 372 tum
725 329 892 372 dicione
915 332 1143 387 premebat

98 402 312 444 Sarrastes
334 401 530 457 populos,
555 406 600 443 et
623 415 732 457 quae
756 402 869 458 rigat
892 416 1079 458 aequora
1106 403 1282 458 Sarnus,

97 471 268 527 Quique
291 472 448 514 Rufras
472 472 773 527 Batulumque
797 477 948 514 tenent
972 479 1106 528 atque
1130 488 1235 516 arva
1262 474 1493 529 Celemnae,

94 543 155 584 Et
178 557 285 598 quos
306 543 527 585 maliferae
549 543 806 599 despectant
828 544 998 586 moenia
1023 545 1206 587 Abellae
1227 560 1235 588 :
1437 544 1525 589 7⁷40

96 614 337 656 Teutonico
360 614 449 656 ritu
472 614 584 656 soliti
610 620 809 670 torquere
833 615 1022 667 cateias;

97 685 312 741 Tegmina
334 690 431 742 quis
454 686 654 742 capitum
675 692 829 743 raptus
852 688 905 730 de
929 688 1079 730 subere
1105 693 1269 743 cortex,

95 756 371 813 Aerataeque
393 757 559 800 micant
582 758 740 814 peltae,
764 759 899 801 micat
922 773 1072 801 aereus
1096 758 1221 802 ensis.

186 827 248 870 Et
271 832 315 870 te
338 833 561 870 montosae
584 828 738 870 misere
760 829 806 870 in
828 829 991 885 proelia
1014 829 1192 885 Nersae,

95 898 248 953 Ufens,
272 898 488 954 insignem
509 898 629 940 fama
651 904 696 941 et
717 898 916 942 felicibus
938 899 1069 942 armis
1090 915 1099 941 :
1435 898 1523 944 745

95 969 283 1012 Horrida
304 970 537 1027 praecipue
560 969 632 1011 cui
652 984 758 1026 gens
780 976 1044 1024 assuetaque
1066 971 1209 1013 multo

94 1040 275 1082 Venatu
295 1053 535 1095 nemorum,
560 1038 679 1082 duris
703 1038 954 1095 Aequicula
976 1040 1124 1097 glebis,

93 1111 271 1154 Armati
295 1117 456 1154 terram
478 1117 693 1168 exercent,
718 1126 975 1168 semperque
997 1117 1193 1155 recentes

95 1182 362 1225 Convectare
379 1182 508 1237 juvat
530 1183 711 1238 praedas
734 1188 778 1224 et
799 1182 941 1224 vivere
964 1187 1100 1239 rapto.

185 1254 302 1306 Quin
324 1259 368 1296 et
392 1253 613 1296 Marruvia
633 1254 754 1296 venit
778 1254 831 1296 de
853 1259 984 1310 gente
1007 1255 1217 1310 sacerdos,
1432 1254 1522 1300 750

95 1324 264 1366 Fronde
287 1339 418 1381 super
439 1325 608 1381 galeam
631 1330 676 1366 et
697 1324 815 1367 felici
837 1330 1007 1368 comtus
1031 1325 1158 1382 oliva,

93 1395 308 1452 Archippi
329 1394 440 1452 regis
461 1395 611 1456 missu,
634 1395 896 1439 fortissimus
921 1396 1102 1450 Umbro,

94 1466 280 1522 Vipereo
302 1466 449 1523 generi
471 1471 515 1508 et
537 1466 727 1523 graviter
749 1466 1019 1523 spirantibus
1041 1468 1193 1523 hydris

95 1536 304 1592 Spargere
326 1536 402 1591 qui
425 1550 595 1579 somnos
617 1544 838 1592 cantuque
860 1551 1085 1593 manuque
1109 1538 1293 1594 solebat,

96 1607 406 1662 Mulcebatque
428 1606 514 1650 iras
536 1612 581 1649 et
603 1617 773 1650 morsus
796 1612 890 1649 arte
911 1607 1099 1651 levabat.
1433 1606 1522 1654 755

96 1678 181 1720 Sed
202 1692 290 1720 non
312 1677 561 1720 Dardaniae
583 1678 790 1721 medicari
812 1678 1002 1735 cuspidis
1024 1678 1165 1722 ictum

93 1749 289 1805 Evaluit,
312 1763 455 1805 neque
477 1763 578 1791 eum
593 1748 744 1805 juvere
766 1749 813 1791 in
833 1750 1014 1792 vulnera
1036 1755 1196 1794 cantus

95 1819 326 1863 Somniferi
348 1826 392 1863 et
416 1820 572 1863 Marsis
595 1821 818 1876 quaesitae
840 1821 1065 1864 montibus
1088 1821 1260 1866 herbae.

95 1889 158 1931 Te
181 1904 335 1933 nemus
357 1890 613 1947 Anguitiae,
637 1891 778 1933 vitrea
801 1896 846 1933 te
868 1891 1065 1934 Fucinus
1086 1879 1220 1948 unda,
1579 1923 1588 1932 .

95 1960 158 2003 Te
180 1961 339 2017 liquidi
359 1962 514 2004 flevere
536 1962 669 2006 lacus.
1434 1961 1523 2008 760

184 2032 289 2075 Ibat
311 2037 356 2075 et
379 2032 614 2090 Hippolyti
635 2033 775 2089 proles
798 2033 1092 2089 pulcherrima
1113 2034 1240 2090 bello,

94 2102 286 2158 Virbius,
309 2103 524 2160 insignem
547 2118 679 2160 quem
700 2108 844 2146 mater
863 2104 1014 2147 Aricia
1036 2105 1171 2160 misit,

94 2172 322 2216 Eductum
343 2173 527 2230 Egeriae
548 2175 659 2217 lucis
679 2174 912 2217 humentia
936 2176 1100 2218 circum

94 2237 260 2299 Litora,
284 2244 460 2300 pinguis
482 2245 559 2287 ubi
581 2250 626 2287 et
649 2245 875 2301 placabilis
898 2260 972 2287 ara
995 2246 1178 2290 Dianae.

94 2314 298 2369 Namque
319 2314 467 2356 ferunt
487 2314 605 2356 fama
622 2314 932 2371 Hippolytum,
951 2320 1186 2371 postquam
1204 2321 1298 2358 arte
1317 2329 1522 2359 novercae

97 2384 318 2427 Occiderit
341 2386 592 2441 patriasque
614 2385 798 2441 explerit
823 2386 1032 2441 sangnine
1055 2400 1216 2442 poenas
1435 2384 1521 2429 766

99 2455 307 2498 Turbatis
330 2457 568 2499 distractus
592 2457 728 2512 equis,
753 2457 810 2499 ad
833 2456 971 2499 sidera
992 2472 1155 2499 rursus-

94 2526 305 2568 Aetheria
327 2532 370 2569 et
394 2520 569 2582 superas
592 2527 698 2569 coeli
719 2526 887 2569 venisse
913 2527 993 2569 sub
1017 2541 1159 2581 auras,

94 2597 293 2640 Paeoniis
315 2603 565 2640 revocatum
587 2598 729 2641 herbis
753 2604 796 2641 et
819 2612 963 2641 amore
987 2598 1169 2642 Dianae.

469 2669 490 2700 s
