<?xml version="1.0" encoding="UTF-8"?>
<!DOCTYPE html PUBLIC "-//W3C//DTD XHTML 1.0 Transitional//EN"
    "http://www.w3.org/TR/xhtml1/DTD/xhtml1-transitional.dtd">
<html xmlns="http://www.w3.org/1999/xhtml" xml:lang="en" lang="en">
 <head>
  <title>
</title>
<meta http-equiv="Content-Type" content="text/html;charset=utf-8" />
  <meta name='ocr-system' content='tesseract 3.04.00' />
  <meta name='ocr-capabilities' content='ocr_page ocr_carea ocr_par ocr_line ocrx_word'/>
</head>
<body>
  <div class='ocr_page' id='page_1' title='image "aeneidfri00virguoft_0293.png"; bbox 0 0 1741 2902; ppageno 0'>
   <div class='ocr_carea' id='block_1_1' title="bbox 547 139 1496 182">
    <p class='ocr_par' dir='ltr' id='par_1_1' title="bbox 547 139 1496 182">
     <span class='ocr_line' id='line_1_1' title="bbox 547 139 1496 182; baseline 0.001 -1"><span class='ocrx_word' id='word_1_1' title='bbox 547 150 774 181; x_wconf 80' lang='lat' dir='ltr'>AENEIDOS</span> <span class='ocrx_word' id='word_1_2' title='bbox 808 151 890 181; x_wconf 77' lang='lat' dir='ltr'>Lm.</span> <span class='ocrx_word' id='word_1_3' title='bbox 931 151 991 180; x_wconf 74' lang='lat' dir='ltr'>xi.</span> <span class='ocrx_word' id='word_1_4' title='bbox 1411 139 1496 182; x_wconf 82' lang='lat'>267</span> 
     </span>
    </p>
   </div>
   <div class='ocr_carea' id='block_1_2' title="bbox 75 259 1517 2643">
    <p class='ocr_par' dir='ltr' id='par_1_2' title="bbox 75 259 1500 527">
     <span class='ocr_line' id='line_1_2' title="bbox 75 259 1305 317; baseline -0.003 -14"><span class='ocrx_word' id='word_1_5' title='bbox 75 259 311 317; x_wconf 81' lang='lat' dir='ltr'>Sanguinis</span> <span class='ocrx_word' id='word_1_6' title='bbox 332 259 404 302; x_wconf 91' lang='lat' dir='ltr'>ille</span> <span class='ocrx_word' id='word_1_7' title='bbox 425 273 601 301; x_wconf 88' lang='lat' dir='ltr'>vomens</span> <span class='ocrx_word' id='word_1_8' title='bbox 623 259 735 301; x_wconf 86' lang='lat' dir='ltr'>rivos</span> <span class='ocrx_word' id='word_1_9' title='bbox 757 259 891 314; x_wconf 88' lang='lat' dir='ltr'>cadit,</span> <span class='ocrx_word' id='word_1_10' title='bbox 917 264 1049 313; x_wconf 85' lang='lat' dir='ltr'>atquc</span> <span class='ocrx_word' id='word_1_11' title='bbox 1073 262 1305 300; x_wconf 87' lang='lat' dir='ltr'>cruentam</span> 
     </span>
     <span class='ocr_line' id='line_1_3' title="bbox 75 328 1378 384; baseline -0.002 -11"><span class='ocrx_word' id='word_1_12' title='bbox 75 330 250 372; x_wconf 81' lang='lat' dir='ltr'>Mandit</span> <span class='ocrx_word' id='word_1_13' title='bbox 271 330 470 384; x_wconf 90' lang='lat' dir='ltr'>humum,</span> <span class='ocrx_word' id='word_1_14' title='bbox 494 329 764 384; x_wconf 83' lang='lat' dir='ltr'>moriensque</span> <span class='ocrx_word' id='word_1_15' title='bbox 790 344 864 371; x_wconf 78' lang='lat' dir='ltr'>suo</span> <span class='ocrx_word' id='word_1_16' title='bbox 888 344 929 370; x_wconf 86' lang='lat' dir='ltr'>sc</span> <span class='ocrx_word' id='word_1_17' title='bbox 954 328 998 370; x_wconf 88' lang='lat' dir='ltr'>in</span> <span class='ocrx_word' id='word_1_18' title='bbox 1023 329 1198 370; x_wconf 81' lang='lat' dir='ltr'>vulnere</span> <span class='ocrx_word' id='word_1_19' title='bbox 1222 334 1378 372; x_wconf 84' lang='lat' dir='ltr'>Versat.</span> 
     </span>
     <span class='ocr_line' id='line_1_4' title="bbox 76 398 1500 456; baseline 0 -13"><span class='ocrx_word' id='word_1_20' title='bbox 76 401 192 443; x_wconf 85' lang='lat' dir='ltr'>Tum</span> <span class='ocrx_word' id='word_1_21' title='bbox 206 401 359 456; x_wconf 80' lang='lat' dir='ltr'><strong>Lirim,</strong></span> <span class='ocrx_word' id='word_1_22' title='bbox 378 401 687 456; x_wconf 75' lang='lat' dir='ltr'>Pagasumque</span> <span class='ocrx_word' id='word_1_23' title='bbox 707 415 846 456; x_wconf 82' lang='lat' dir='ltr'>super,</span> <span class='ocrx_word' id='word_1_24' title='bbox 869 413 1054 455; x_wconf 84' lang='lat' dir='ltr'>quorum</span> <span class='ocrx_word' id='word_1_25' title='bbox 1074 400 1184 441; x_wconf 82' lang='lat' dir='ltr'>alter</span> <span class='ocrx_word' id='word_1_26' title='bbox 1200 399 1394 442; x_wconf 83' lang='lat' dir='ltr'>habenas</span> <span class='ocrx_word' id='word_1_27' title='bbox 1414 398 1500 443; x_wconf 77' lang='lat'>670</span> 
     </span>
     <span class='ocr_line' id='line_1_5' title="bbox 77 472 1123 527; baseline -0.001 -13"><span class='ocrx_word' id='word_1_28' title='bbox 77 472 266 515; x_wconf 79' lang='lat' dir='ltr'>Suffosso</span> <span class='ocrx_word' id='word_1_29' title='bbox 289 472 509 514; x_wconf 86' lang='lat' dir='ltr'>revolutus</span> <span class='ocrx_word' id='word_1_30' title='bbox 534 486 643 527; x_wconf 81' lang='lat' dir='ltr'>equo</span> <span class='ocrx_word' id='word_1_31' title='bbox 672 473 777 513; x_wconf 83' lang='lat' dir='ltr'>dum</span> <span class='ocrx_word' id='word_1_32' title='bbox 802 472 982 527; x_wconf 81' lang='lat' dir='ltr'>colligit,</span> <span class='ocrx_word' id='word_1_33' title='bbox 1011 472 1123 513; x_wconf 85' lang='lat' dir='ltr'>alter</span> 
     </span>
    </p>

    <p class='ocr_par' dir='ltr' id='par_1_3' title="bbox 76 543 1504 952">
     <span class='ocr_line' id='line_1_6' title="bbox 77 543 1239 597; baseline -0.002 -12"><span class='ocrx_word' id='word_1_34' title='bbox 77 543 198 584; x_wconf 87' lang='lat' dir='ltr'>Dum</span> <span class='ocrx_word' id='word_1_35' title='bbox 221 543 339 585; x_wconf 86' lang='lat' dir='ltr'>subit</span> <span class='ocrx_word' id='word_1_36' title='bbox 362 558 412 585; x_wconf 87' lang='lat' dir='ltr'>ac</span> <span class='ocrx_word' id='word_1_37' title='bbox 435 544 635 585; x_wconf 77' lang='lat' dir='ltr'>dextram</span> <span class='ocrx_word' id='word_1_38' title='bbox 659 543 826 584; x_wconf 73' lang='lat' dir='ltr'>labenti</span> <span class='ocrx_word' id='word_1_39' title='bbox 848 543 991 584; x_wconf 90' lang='lat' dir='ltr'>tendit</span> <span class='ocrx_word' id='word_1_40' title='bbox 1015 543 1239 597; x_wconf 80' lang='lat' dir='ltr'>inermem,</span> 
     </span>
     <span class='ocr_line' id='line_1_7' title="bbox 76 613 1367 670; baseline 0 -15"><span class='ocrx_word' id='word_1_41' title='bbox 76 614 345 670; x_wconf 77' lang='lat' dir='ltr'>Praecipites</span> <span class='ocrx_word' id='word_1_42' title='bbox 368 614 614 670; x_wconf 75' lang='lat' dir='ltr'>pariterque</span> <span class='ocrx_word' id='word_1_43' title='bbox 638 620 786 656; x_wconf 88' lang='lat' dir='ltr'>ruunt.</span> <span class='ocrx_word' id='word_1_44' title='bbox 851 614 934 655; x_wconf 84' lang='lat' dir='ltr'>His</span> <span class='ocrx_word' id='word_1_45' title='bbox 957 614 1081 655; x_wconf 80' lang='lat' dir='ltr'>addit</span> <span class='ocrx_word' id='word_1_46' title='bbox 1105 613 1367 655; x_wconf 78' lang='lat' dir='ltr'>Amastrum</span> 
     </span>
     <span class='ocr_line' id='line_1_8' title="bbox 76 681 1504 740; baseline 0.001 -15"><span class='ocrx_word' id='word_1_47' title='bbox 76 684 378 740; x_wconf 78' lang='lat' dir='ltr'>Hippotaden,</span> <span class='ocrx_word' id='word_1_48' title='bbox 404 685 686 740; x_wconf 76' lang='lat' dir='ltr'>sequiturque</span> <span class='ocrx_word' id='word_1_49' title='bbox 709 685 964 726; x_wconf 77' lang='lat' dir='ltr'>incumbens</span> <span class='ocrx_word' id='word_1_50' title='bbox 986 684 1156 726; x_wconf 88' lang='lat' dir='ltr'>eminus</span> <span class='ocrx_word' id='word_1_51' title='bbox 1178 684 1308 727; x_wconf 82' lang='lat' dir='ltr'>hasta</span> <span class='ocrx_word' id='word_1_52' title='bbox 1416 681 1504 726; x_wconf 75' lang='grc'>674</span> 
     </span>
     <span class='ocr_line' id='line_1_9' title="bbox 77 753 1502 810; baseline -0.001 -14"><span class='ocrx_word' id='word_1_53' title='bbox 77 753 303 810; x_wconf 73' lang='lat' dir='ltr'>Tereaque</span> <span class='ocrx_word' id='word_1_54' title='bbox 323 754 713 810; x_wconf 75' lang='lat' dir='ltr'>Harpalycumque</span> <span class='ocrx_word' id='word_1_55' title='bbox 737 763 780 796; x_wconf 91' lang='lat' dir='ltr'>et</span> <span class='ocrx_word' id='word_1_56' title='bbox 800 754 1135 810; x_wconf 73' lang='lat' dir='ltr'>Demophoonta</span> <span class='ocrx_word' id='word_1_57' title='bbox 1160 754 1469 809; x_wconf 86' lang='lat' dir='ltr'>Chromimque</span> <span class='ocrx_word' id='word_1_58' title='bbox 1490 767 1502 808; x_wconf 87' lang='lat'>;</span> 
     </span>
     <span class='ocr_line' id='line_1_10' title="bbox 78 821 1502 881; baseline 0.001 -15"><span class='ocrx_word' id='word_1_59' title='bbox 78 824 280 880; x_wconf 77' lang='lat' dir='ltr'>Quotque</span> <span class='ocrx_word' id='word_1_60' title='bbox 304 825 458 867; x_wconf 88' lang='lat' dir='ltr'>emissa</span> <span class='ocrx_word' id='word_1_61' title='bbox 481 840 616 866; x_wconf 90' lang='lat' dir='ltr'>manu</span> <span class='ocrx_word' id='word_1_62' title='bbox 638 825 846 867; x_wconf 73' lang='lat' dir='ltr'>contorsit</span> <span class='ocrx_word' id='word_1_63' title='bbox 870 825 1037 880; x_wconf 89' lang='lat' dir='ltr'>spicula</span> <span class='ocrx_word' id='word_1_64' title='bbox 1060 825 1192 881; x_wconf 86' lang='lat' dir='ltr'>virgo,</span> <span class='ocrx_word' id='word_1_65' title='bbox 1418 821 1502 867; x_wconf 81' lang='grc'>676</span> 
     </span>
     <span class='ocr_line' id='line_1_11' title="bbox 79 895 1294 952; baseline -0.001 -15"><span class='ocrx_word' id='word_1_66' title='bbox 79 895 164 937; x_wconf 84' lang='lat' dir='ltr'>Tot</span> <span class='ocrx_word' id='word_1_67' title='bbox 190 896 371 952; x_wconf 83' lang='lat' dir='ltr'>Phrygii</span> <span class='ocrx_word' id='word_1_68' title='bbox 393 895 582 937; x_wconf 85' lang='lat' dir='ltr'>cecidere</span> <span class='ocrx_word' id='word_1_69' title='bbox 605 895 698 938; x_wconf 87' lang='lat' dir='ltr'>viri.</span> <span class='ocrx_word' id='word_1_70' title='bbox 762 895 922 937; x_wconf 88' lang='lat' dir='ltr'>Procul</span> <span class='ocrx_word' id='word_1_71' title='bbox 945 895 1140 950; x_wconf 83' lang='lat' dir='ltr'>Ornytus</span> <span class='ocrx_word' id='word_1_72' title='bbox 1164 895 1294 937; x_wconf 86' lang='lat' dir='ltr'>armis</span> 
     </span>
    </p>

    <p class='ocr_par' dir='ltr' id='par_1_4' title="bbox 77 965 1006 1022">
     <span class='ocr_line' id='line_1_12' title="bbox 77 965 1006 1022; baseline -0.002 -14"><span class='ocrx_word' id='word_1_73' title='bbox 77 966 247 1022; x_wconf 88' lang='lat' dir='ltr'>Ignotis</span> <span class='ocrx_word' id='word_1_74' title='bbox 270 971 314 1008; x_wconf 91' lang='lat' dir='ltr'>et</span> <span class='ocrx_word' id='word_1_75' title='bbox 336 980 447 1021; x_wconf 84' lang='lat' dir='ltr'>equo</span> <span class='ocrx_word' id='word_1_76' title='bbox 468 971 647 1007; x_wconf 87' lang='lat' dir='ltr'>venator</span> <span class='ocrx_word' id='word_1_77' title='bbox 668 965 832 1020; x_wconf 80' lang='lat' dir='ltr'>Iapyge</span> <span class='ocrx_word' id='word_1_78' title='bbox 855 965 1006 1018; x_wconf 88' lang='lat' dir='ltr'>fertur,</span> 
     </span>
    </p>

    <p class='ocr_par' dir='ltr' id='par_1_5' title="bbox 79 1034 1042 1091">
     <span class='ocr_line' id='line_1_13' title="bbox 79 1034 1042 1091; baseline -0.002 -14"><span class='ocrx_word' id='word_1_79' title='bbox 79 1035 166 1078; x_wconf 86' lang='lat' dir='ltr'>Oui</span> <span class='ocrx_word' id='word_1_80' title='bbox 187 1035 314 1091; x_wconf 84' lang='lat' dir='ltr'>pellis</span> <span class='ocrx_word' id='word_1_81' title='bbox 331 1035 444 1077; x_wconf 84' lang='lat' dir='ltr'>latos</span> <span class='ocrx_word' id='word_1_82' title='bbox 466 1035 668 1077; x_wconf 86' lang='lat' dir='ltr'>humeros</span> <span class='ocrx_word' id='word_1_83' title='bbox 691 1041 840 1090; x_wconf 83' lang='lat' dir='ltr'>erepta</span> <span class='ocrx_word' id='word_1_84' title='bbox 856 1034 1042 1090; x_wconf 79' lang='lat' dir='ltr'>juvenco</span> 
     </span>
    </p>

    <p class='ocr_par' dir='ltr' id='par_1_6' title="bbox 78 1103 1507 1232">
     <span class='ocr_line' id='line_1_14' title="bbox 79 1103 1507 1162; baseline -0.001 -15"><span class='ocrx_word' id='word_1_85' title='bbox 79 1105 319 1162; x_wconf 88' lang='lat' dir='ltr'>Pugnatori</span> <span class='ocrx_word' id='word_1_86' title='bbox 341 1105 495 1161; x_wconf 89' lang='lat' dir='ltr'>operit,</span> <span class='ocrx_word' id='word_1_87' title='bbox 520 1110 656 1161; x_wconf 88' lang='lat' dir='ltr'>caput</span> <span class='ocrx_word' id='word_1_88' title='bbox 678 1105 829 1161; x_wconf 87' lang='lat' dir='ltr'>ingens</span> <span class='ocrx_word' id='word_1_89' title='bbox 852 1105 933 1147; x_wconf 85' lang='lat' dir='ltr'>oris</span> <span class='ocrx_word' id='word_1_90' title='bbox 955 1105 1102 1147; x_wconf 87' lang='lat' dir='ltr'>hiatus</span> <span class='ocrx_word' id='word_1_91' title='bbox 1419 1103 1507 1147; x_wconf 88' lang='lat'>680</span> 
     </span>
     <span class='ocr_line' id='line_1_15' title="bbox 78 1176 1093 1232; baseline 0.001 -15"><span class='ocrx_word' id='word_1_92' title='bbox 78 1176 140 1218; x_wconf 91' lang='lat' dir='ltr'>Et</span> <span class='ocrx_word' id='word_1_93' title='bbox 163 1176 306 1217; x_wconf 89' lang='lat' dir='ltr'>malae</span> <span class='ocrx_word' id='word_1_94' title='bbox 329 1183 474 1218; x_wconf 81' lang='lat' dir='ltr'>texere</span> <span class='ocrx_word' id='word_1_95' title='bbox 496 1176 591 1232; x_wconf 90' lang='lat' dir='ltr'>lupi</span> <span class='ocrx_word' id='word_1_96' title='bbox 614 1191 716 1218; x_wconf 88' lang='lat' dir='ltr'>cum</span> <span class='ocrx_word' id='word_1_97' title='bbox 738 1176 947 1218; x_wconf 86' lang='lat' dir='ltr'>dentibus</span> <span class='ocrx_word' id='word_1_98' title='bbox 969 1176 1093 1232; x_wconf 86' lang='lat' dir='ltr'>albis,</span> 
     </span>
    </p>

    <p class='ocr_par' dir='ltr' id='par_1_7' title="bbox 79 1245 1247 1303">
     <span class='ocr_line' id='line_1_16' title="bbox 79 1245 1247 1303; baseline 0.001 -15"><span class='ocrx_word' id='word_1_99' title='bbox 79 1245 364 1302; x_wconf 88' lang='lat' dir='ltr'>Agrestisque</span> <span class='ocrx_word' id='word_1_100' title='bbox 387 1261 544 1289; x_wconf 87' lang='lat' dir='ltr'>manus</span> <span class='ocrx_word' id='word_1_101' title='bbox 568 1252 708 1289; x_wconf 86' lang='lat' dir='ltr'>armat</span> <span class='ocrx_word' id='word_1_102' title='bbox 734 1261 914 1303; x_wconf 81' lang='lat' dir='ltr'>sparus;</span> <span class='ocrx_word' id='word_1_103' title='bbox 949 1247 1040 1303; x_wconf 88' lang='lat' dir='ltr'>ipse</span> <span class='ocrx_word' id='word_1_104' title='bbox 1063 1247 1247 1289; x_wconf 85' lang='lat' dir='ltr'>catervis</span> 
     </span>
    </p>

    <p class='ocr_par' dir='ltr' id='par_1_8' title="bbox 80 1317 1166 1374">
     <span class='ocr_line' id='line_1_17' title="bbox 80 1317 1166 1374; baseline 0.002 -15"><span class='ocrx_word' id='word_1_105' title='bbox 80 1317 284 1360; x_wconf 86' lang='lat' dir='ltr'>Vertitur</span> <span class='ocrx_word' id='word_1_106' title='bbox 305 1318 351 1359; x_wconf 89' lang='lat' dir='ltr'>in</span> <span class='ocrx_word' id='word_1_107' title='bbox 372 1318 540 1373; x_wconf 88' lang='lat' dir='ltr'>mediis,</span> <span class='ocrx_word' id='word_1_108' title='bbox 567 1323 611 1360; x_wconf 91' lang='lat' dir='ltr'>et</span> <span class='ocrx_word' id='word_1_109' title='bbox 635 1324 727 1361; x_wconf 88' lang='lat' dir='ltr'>toto</span> <span class='ocrx_word' id='word_1_110' title='bbox 749 1318 911 1360; x_wconf 83' lang='lat' dir='ltr'>vertice</span> <span class='ocrx_word' id='word_1_111' title='bbox 934 1333 1065 1374; x_wconf 87' lang='lat' dir='ltr'>supra</span> <span class='ocrx_word' id='word_1_112' title='bbox 1088 1324 1166 1362; x_wconf 86' lang='lat' dir='ltr'>est.</span> 
     </span>
    </p>

    <p class='ocr_par' dir='ltr' id='par_1_9' title="bbox 81 1387 1508 1587">
     <span class='ocr_line' id='line_1_18' title="bbox 81 1387 1402 1446; baseline 0.001 -16"><span class='ocrx_word' id='word_1_113' title='bbox 81 1387 212 1431; x_wconf 89' lang='lat' dir='ltr'>Hunc</span> <span class='ocrx_word' id='word_1_114' title='bbox 237 1389 312 1431; x_wconf 90' lang='lat' dir='ltr'>illa</span> <span class='ocrx_word' id='word_1_115' title='bbox 335 1395 748 1445; x_wconf 79' lang='lat' dir='ltr'>exceptum-neque</span> <span class='ocrx_word' id='word_1_116' title='bbox 772 1390 887 1431; x_wconf 87' lang='lat' dir='ltr'>enim</span> <span class='ocrx_word' id='word_1_117' title='bbox 910 1390 1031 1432; x_wconf 89' lang='lat' dir='ltr'>labor</span> <span class='ocrx_word' id='word_1_118' title='bbox 1053 1389 1224 1446; x_wconf 82' lang='lat' dir='ltr'>agmine</span> <span class='ocrx_word' id='word_1_119' title='bbox 1247 1403 1368 1431; x_wconf 84' lang='lat' dir='ltr'>Verso</span> <span class='ocrx_word' id='word_1_120' title='bbox 1382 1414 1402 1421; x_wconf 90' lang='lat'>-</span> 
     </span>
     <span class='ocr_line' id='line_1_19' title="bbox 83 1459 1508 1515; baseline 0.001 -15"><span class='ocrx_word' id='word_1_121' title='bbox 83 1459 278 1514; x_wconf 85' lang='lat' dir='ltr'>Trajicit,</span> <span class='ocrx_word' id='word_1_122' title='bbox 304 1465 348 1502; x_wconf 83' lang='lat' dir='ltr'>et</span> <span class='ocrx_word' id='word_1_123' title='bbox 372 1474 499 1515; x_wconf 84' lang='lat' dir='ltr'>super</span> <span class='ocrx_word' id='word_1_124' title='bbox 520 1460 626 1502; x_wconf 88' lang='lat' dir='ltr'>haec</span> <span class='ocrx_word' id='word_1_125' title='bbox 649 1459 825 1502; x_wconf 86' lang='lat' dir='ltr'>inimico</span> <span class='ocrx_word' id='word_1_126' title='bbox 848 1465 1022 1515; x_wconf 82' lang='lat' dir='ltr'>pectore</span> <span class='ocrx_word' id='word_1_127' title='bbox 1044 1459 1188 1503; x_wconf 82' lang='lat' dir='ltr'>fatur:</span> <span class='ocrx_word' id='word_1_128' title='bbox 1422 1460 1508 1502; x_wconf 82' lang='lat'>685</span> 
     </span>
     <span class='ocr_line' id='line_1_20' title="bbox 84 1530 1161 1587; baseline -0.002 -13"><span class='ocrx_word' id='word_1_129' title='bbox 84 1530 110 1551; x_wconf 71' lang='lat'>‘⁶</span> <span class='ocrx_word' id='word_1_130' title='bbox 133 1531 260 1574; x_wconf 80' lang='lat' dir='ltr'>Silvis</span> <span class='ocrx_word' id='word_1_131' title='bbox 283 1536 342 1585; x_wconf 87' lang='lat' dir='ltr'>te,</span> <span class='ocrx_word' id='word_1_132' title='bbox 369 1531 602 1586; x_wconf 82' lang='lat' dir='ltr'>Tyrrhene,</span> <span class='ocrx_word' id='word_1_133' title='bbox 627 1531 737 1573; x_wconf 87' lang='lat' dir='ltr'>feras</span> <span class='ocrx_word' id='word_1_134' title='bbox 761 1531 926 1587; x_wconf 81' lang='lat' dir='ltr'>agitare</span> <span class='ocrx_word' id='word_1_135' title='bbox 948 1531 1121 1586; x_wconf 89' lang='lat' dir='ltr'>putasti</span> <span class='ocrx_word' id='word_1_136' title='bbox 1140 1532 1161 1573; x_wconf 76' lang='grc' dir='ltr'><em>Ρ</em></span> 
     </span>
    </p>

    <p class='ocr_par' dir='ltr' id='par_1_10' title="bbox 84 1600 1167 1656">
     <span class='ocr_line' id='line_1_21' title="bbox 84 1600 1167 1656; baseline -0.001 -13"><span class='ocrx_word' id='word_1_137' title='bbox 84 1601 112 1622; x_wconf 82' lang='lat'><strong>“</strong></span> <span class='ocrx_word' id='word_1_138' title='bbox 130 1600 327 1644; x_wconf 81' lang='lat' dir='ltr'>Advenit</span> <span class='ocrx_word' id='word_1_139' title='bbox 351 1601 427 1656; x_wconf 89' lang='lat' dir='ltr'>qui</span> <span class='ocrx_word' id='word_1_140' title='bbox 448 1607 591 1644; x_wconf 82' lang='lat' dir='ltr'>vestra</span> <span class='ocrx_word' id='word_1_141' title='bbox 613 1602 703 1643; x_wconf 87' lang='lat' dir='ltr'>dies</span> <span class='ocrx_word' id='word_1_142' title='bbox 725 1601 1010 1643; x_wconf 84' lang='lat' dir='ltr'>muliebribus</span> <span class='ocrx_word' id='word_1_143' title='bbox 1033 1600 1167 1642; x_wconf 88' lang='lat' dir='ltr'>armis</span> 
     </span>
    </p>

    <p class='ocr_par' dir='ltr' id='par_1_11' title="bbox 85 1670 1446 1728">
     <span class='ocr_line' id='line_1_22' title="bbox 85 1670 1446 1728; baseline -0.001 -15"><span class='ocrx_word' id='word_1_144' title='bbox 85 1671 112 1692; x_wconf 71' lang='lat'>‘⁶</span> <span class='ocrx_word' id='word_1_145' title='bbox 130 1671 277 1713; x_wconf 87' lang='lat' dir='ltr'>Verba</span> <span class='ocrx_word' id='word_1_146' title='bbox 299 1671 580 1728; x_wconf 85' lang='lat' dir='ltr'>redarguerit.</span> <span class='ocrx_word' id='word_1_147' title='bbox 645 1671 819 1713; x_wconf 87' lang='lat' dir='ltr'>Nomen</span> <span class='ocrx_word' id='word_1_148' title='bbox 840 1676 989 1713; x_wconf 89' lang='lat' dir='ltr'>tamen</span> <span class='ocrx_word' id='word_1_149' title='bbox 1011 1671 1130 1712; x_wconf 87' lang='lat' dir='ltr'>haud</span> <span class='ocrx_word' id='word_1_150' title='bbox 1151 1670 1244 1712; x_wconf 81' lang='lat' dir='ltr'>leve</span> <span class='ocrx_word' id='word_1_151' title='bbox 1267 1675 1446 1726; x_wconf 88' lang='lat' dir='ltr'>patrum</span> 
     </span>
    </p>

    <p class='ocr_par' dir='ltr' id='par_1_12' title="bbox 85 1741 1239 1797">
     <span class='ocr_line' id='line_1_23' title="bbox 85 1741 1239 1797; baseline -0.001 -13"><span class='ocrx_word' id='word_1_152' title='bbox 85 1742 112 1763; x_wconf 72' lang='lat'>‘⁶</span> <span class='ocrx_word' id='word_1_153' title='bbox 131 1742 337 1784; x_wconf 85' lang='lat' dir='ltr'>Manibus</span> <span class='ocrx_word' id='word_1_154' title='bbox 358 1742 438 1787; x_wconf 87' lang='lat' dir='ltr'>hoc</span> <span class='ocrx_word' id='word_1_155' title='bbox 461 1743 626 1797; x_wconf 87' lang='lat' dir='ltr'>referes,</span> <span class='ocrx_word' id='word_1_156' title='bbox 652 1742 741 1784; x_wconf 88' lang='lat' dir='ltr'>telo</span> <span class='ocrx_word' id='word_1_157' title='bbox 763 1742 966 1784; x_wconf 88' lang='lat' dir='ltr'>cecidisse</span> <span class='ocrx_word' id='word_1_158' title='bbox 991 1741 1239 1784; x_wconf 81' lang='lat' dir='ltr'>Camillae.&#39;&#39;</span> 
     </span>
    </p>

    <p class='ocr_par' dir='ltr' id='par_1_13' title="bbox 84 1810 1512 1938">
     <span class='ocr_line' id='line_1_24' title="bbox 84 1810 1512 1867; baseline -0.002 -12"><span class='ocrx_word' id='word_1_159' title='bbox 84 1813 300 1855; x_wconf 89' lang='lat' dir='ltr'>Protenus</span> <span class='ocrx_word' id='word_1_160' title='bbox 323 1811 598 1855; x_wconf 86' lang='lat' dir='ltr'>Orsilochum</span> <span class='ocrx_word' id='word_1_161' title='bbox 621 1817 665 1854; x_wconf 86' lang='lat' dir='ltr'>et</span> <span class='ocrx_word' id='word_1_162' title='bbox 690 1811 851 1867; x_wconf 88' lang='lat' dir='ltr'>Buten,</span> <span class='ocrx_word' id='word_1_163' title='bbox 871 1812 956 1854; x_wconf 87' lang='lat' dir='ltr'>duo</span> <span class='ocrx_word' id='word_1_164' title='bbox 974 1811 1168 1853; x_wconf 80' lang='lat' dir='ltr'>maxima</span> <span class='ocrx_word' id='word_1_165' title='bbox 1187 1810 1409 1853; x_wconf 78' lang='lat' dir='ltr'>Teucrum</span> <span class='ocrx_word' id='word_1_166' title='bbox 1424 1810 1512 1853; x_wconf 85' lang='lat'>690</span> 
     </span>
     <span class='ocr_line' id='line_1_25' title="bbox 86 1881 1103 1938; baseline -0.002 -13"><span class='ocrx_word' id='word_1_167' title='bbox 86 1882 286 1938; x_wconf 76' lang='lat' dir='ltr'>Corpora,</span> <span class='ocrx_word' id='word_1_168' title='bbox 311 1882 384 1925; x_wconf 88' lang='lat' dir='ltr'>sed</span> <span class='ocrx_word' id='word_1_169' title='bbox 408 1882 558 1924; x_wconf 89' lang='lat' dir='ltr'>Buten</span> <span class='ocrx_word' id='word_1_170' title='bbox 580 1896 780 1924; x_wconf 86' lang='lat' dir='ltr'>aversum</span> <span class='ocrx_word' id='word_1_171' title='bbox 802 1881 981 1938; x_wconf 85' lang='lat' dir='ltr'>cuspide</span> <span class='ocrx_word' id='word_1_172' title='bbox 1003 1881 1103 1923; x_wconf 79' lang='lat' dir='ltr'>fixit</span> 
     </span>
    </p>

    <p class='ocr_par' dir='ltr' id='par_1_14' title="bbox 84 1952 1170 2010">
     <span class='ocr_line' id='line_1_26' title="bbox 84 1952 1170 2010; baseline -0.002 -13"><span class='ocrx_word' id='word_1_173' title='bbox 84 1954 283 1997; x_wconf 89' lang='lat' dir='ltr'>Loricam</span> <span class='ocrx_word' id='word_1_174' title='bbox 306 1954 564 2010; x_wconf 85' lang='lat' dir='ltr'>galeamque</span> <span class='ocrx_word' id='word_1_175' title='bbox 585 1954 714 2009; x_wconf 89' lang='lat' dir='ltr'>inter,</span> <span class='ocrx_word' id='word_1_176' title='bbox 738 1968 825 2009; x_wconf 88' lang='lat' dir='ltr'>qua</span> <span class='ocrx_word' id='word_1_177' title='bbox 848 1953 958 1995; x_wconf 90' lang='lat' dir='ltr'>colla</span> <span class='ocrx_word' id='word_1_178' title='bbox 982 1952 1170 1996; x_wconf 87' lang='lat' dir='ltr'>sedentis</span> 
     </span>
    </p>

    <p class='ocr_par' dir='ltr' id='par_1_15' title="bbox 85 2025 1108 2081">
     <span class='ocr_line' id='line_1_27' title="bbox 85 2025 1108 2081; baseline -0.001 -14"><span class='ocrx_word' id='word_1_179' title='bbox 85 2025 270 2079; x_wconf 87' lang='lat' dir='ltr'>Lucent,</span> <span class='ocrx_word' id='word_1_180' title='bbox 295 2030 339 2067; x_wconf 88' lang='lat' dir='ltr'>et</span> <span class='ocrx_word' id='word_1_181' title='bbox 361 2025 483 2067; x_wconf 87' lang='lat' dir='ltr'>laevo</span> <span class='ocrx_word' id='word_1_182' title='bbox 504 2025 722 2081; x_wconf 87' lang='lat' dir='ltr'>dependet</span> <span class='ocrx_word' id='word_1_183' title='bbox 746 2039 897 2081; x_wconf 86' lang='lat' dir='ltr'>parma</span> <span class='ocrx_word' id='word_1_184' title='bbox 919 2025 1081 2066; x_wconf 89' lang='lat' dir='ltr'>lacerto</span> <span class='ocrx_word' id='word_1_185' title='bbox 1097 2038 1108 2078; x_wconf 88' lang='lat'>;</span> 
     </span>
    </p>

    <p class='ocr_par' dir='ltr' id='par_1_16' title="bbox 87 2094 1514 2362">
     <span class='ocr_line' id='line_1_28' title="bbox 88 2094 1335 2151; baseline -0.001 -14"><span class='ocrx_word' id='word_1_186' title='bbox 88 2095 361 2138; x_wconf 87' lang='lat' dir='ltr'>Orsilochum</span> <span class='ocrx_word' id='word_1_187' title='bbox 381 2094 553 2150; x_wconf 76' lang='lat' dir='ltr'>fugiens</span> <span class='ocrx_word' id='word_1_188' title='bbox 575 2109 873 2151; x_wconf 87' lang='lat' dir='ltr'>magnumque</span> <span class='ocrx_word' id='word_1_189' title='bbox 895 2094 1067 2151; x_wconf 86' lang='lat' dir='ltr'>agitata</span> <span class='ocrx_word' id='word_1_190' title='bbox 1090 2109 1166 2150; x_wconf 89' lang='lat' dir='ltr'>per</span> <span class='ocrx_word' id='word_1_191' title='bbox 1187 2096 1335 2136; x_wconf 86' lang='lat' dir='ltr'>orbem</span> 
     </span>
     <span class='ocr_line' id='line_1_29' title="bbox 87 2163 1514 2220; baseline -0.001 -13"><span class='ocrx_word' id='word_1_192' title='bbox 87 2165 244 2207; x_wconf 84' lang='lat' dir='ltr'>Eludit</span> <span class='ocrx_word' id='word_1_193' title='bbox 266 2179 367 2220; x_wconf 81' lang='lat' dir='ltr'>gyro</span> <span class='ocrx_word' id='word_1_194' title='bbox 389 2164 580 2218; x_wconf 84' lang='lat' dir='ltr'>interior,</span> <span class='ocrx_word' id='word_1_195' title='bbox 605 2165 887 2220; x_wconf 86' lang='lat' dir='ltr'>sequiturque</span> <span class='ocrx_word' id='word_1_196' title='bbox 911 2169 1183 2219; x_wconf 80' lang='lat' dir='ltr'>sequentem,</span> <span class='ocrx_word' id='word_1_197' title='bbox 1429 2163 1514 2206; x_wconf 79' lang='lat'>695</span> 
     </span>
     <span class='ocr_line' id='line_1_30' title="bbox 89 2233 1377 2291; baseline -0.002 -13"><span class='ocrx_word' id='word_1_198' title='bbox 89 2237 207 2279; x_wconf 79' lang='lat' dir='ltr'>Tum</span> <span class='ocrx_word' id='word_1_199' title='bbox 228 2235 418 2277; x_wconf 89' lang='lat' dir='ltr'>validam</span> <span class='ocrx_word' id='word_1_200' title='bbox 440 2249 601 2291; x_wconf 87' lang='lat' dir='ltr'>perque</span> <span class='ocrx_word' id='word_1_201' title='bbox 624 2250 743 2277; x_wconf 87' lang='lat' dir='ltr'>arma</span> <span class='ocrx_word' id='word_1_202' title='bbox 764 2235 855 2277; x_wconf 78' lang='lat' dir='ltr'>viro</span> <span class='ocrx_word' id='word_1_203' title='bbox 879 2249 1039 2290; x_wconf 87' lang='lat' dir='ltr'>perque</span> <span class='ocrx_word' id='word_1_204' title='bbox 1062 2249 1157 2276; x_wconf 85' lang='lat' dir='ltr'>ossa</span> <span class='ocrx_word' id='word_1_205' title='bbox 1180 2233 1377 2288; x_wconf 88' lang='lat' dir='ltr'>securim,</span> 
     </span>
     <span class='ocr_line' id='line_1_31' title="bbox 89 2304 1128 2362; baseline -0.003 -13"><span class='ocrx_word' id='word_1_206' title='bbox 89 2306 236 2350; x_wconf 86' lang='lat' dir='ltr'>Altior</span> <span class='ocrx_word' id='word_1_207' title='bbox 258 2320 507 2362; x_wconf 77' lang='lat' dir='ltr'>exsurgens,</span> <span class='ocrx_word' id='word_1_208' title='bbox 532 2305 675 2347; x_wconf 86' lang='lat' dir='ltr'>oranti</span> <span class='ocrx_word' id='word_1_209' title='bbox 697 2310 741 2347; x_wconf 88' lang='lat' dir='ltr'>et</span> <span class='ocrx_word' id='word_1_210' title='bbox 763 2305 908 2347; x_wconf 84' lang='lat' dir='ltr'>multa</span> <span class='ocrx_word' id='word_1_211' title='bbox 929 2304 1128 2360; x_wconf 86' lang='lat' dir='ltr'>precanti</span> 
     </span>
    </p>

    <p class='ocr_par' dir='ltr' id='par_1_17' title="bbox 93 2374 1201 2433">
     <span class='ocr_line' id='line_1_32' title="bbox 93 2374 1201 2433; baseline -0.005 -13"><span class='ocrx_word' id='word_1_212' title='bbox 93 2377 410 2433; x_wconf 86' lang='lat' dir='ltr'>Congeminat:</span> <span class='ocrx_word' id='word_1_213' title='bbox 445 2376 603 2417; x_wconf 83' lang='lat' dir='ltr'>vulnus</span> <span class='ocrx_word' id='word_1_214' title='bbox 626 2375 764 2417; x_wconf 88' lang='lat' dir='ltr'>calido</span> <span class='ocrx_word' id='word_1_215' title='bbox 787 2375 899 2431; x_wconf 88' lang='lat' dir='ltr'>rigat</span> <span class='ocrx_word' id='word_1_216' title='bbox 922 2390 994 2417; x_wconf 88' lang='lat' dir='ltr'>ora</span> <span class='ocrx_word' id='word_1_217' title='bbox 1017 2374 1201 2416; x_wconf 87' lang='lat' dir='ltr'>cerebro.</span> 
     </span>
    </p>

    <p class='ocr_par' dir='ltr' id='par_1_18' title="bbox 92 2444 1517 2643">
     <span class='ocr_line' id='line_1_33' title="bbox 92 2444 1248 2502; baseline -0.003 -12"><span class='ocrx_word' id='word_1_218' title='bbox 92 2448 254 2491; x_wconf 87' lang='lat' dir='ltr'>Incidit</span> <span class='ocrx_word' id='word_1_219' title='bbox 275 2447 393 2502; x_wconf 89' lang='lat' dir='ltr'>huic,</span> <span class='ocrx_word' id='word_1_220' title='bbox 419 2447 647 2501; x_wconf 89' lang='lat' dir='ltr'>subitoque</span> <span class='ocrx_word' id='word_1_221' title='bbox 671 2446 881 2502; x_wconf 86' lang='lat' dir='ltr'>adspectu</span> <span class='ocrx_word' id='word_1_222' title='bbox 902 2446 1083 2488; x_wconf 88' lang='lat' dir='ltr'>territus</span> <span class='ocrx_word' id='word_1_223' title='bbox 1106 2444 1248 2487; x_wconf 87' lang='lat' dir='ltr'>haesit</span> 
     </span>
     <span class='ocr_line' id='line_1_34' title="bbox 95 2511 1517 2574; baseline -0.002 -14"><span class='ocrx_word' id='word_1_224' title='bbox 95 2517 440 2574; x_wconf 84' lang='lat' dir='ltr'>Apenninicolae</span> <span class='ocrx_word' id='word_1_225' title='bbox 461 2516 648 2559; x_wconf 87' lang='lat' dir='ltr'>bellator</span> <span class='ocrx_word' id='word_1_226' title='bbox 668 2515 784 2558; x_wconf 78' lang='lat' dir='ltr'>filius</span> <span class='ocrx_word' id='word_1_227' title='bbox 806 2515 945 2571; x_wconf 86' lang='lat' dir='ltr'>Auni,</span> <span class='ocrx_word' id='word_1_228' title='bbox 1429 2511 1517 2558; x_wconf 81' lang='lat'>700</span> 
     </span>
     <span class='ocr_line' id='line_1_35' title="bbox 94 2584 1377 2643; baseline -0.002 -14"><span class='ocrx_word' id='word_1_229' title='bbox 94 2586 228 2630; x_wconf 84' lang='lat' dir='ltr'>Haud</span> <span class='ocrx_word' id='word_1_230' title='bbox 249 2586 465 2643; x_wconf 86' lang='lat' dir='ltr'>Ligurum</span> <span class='ocrx_word' id='word_1_231' title='bbox 487 2591 722 2641; x_wconf 83' lang='lat' dir='ltr'>extremus,</span> <span class='ocrx_word' id='word_1_232' title='bbox 747 2586 857 2628; x_wconf 90' lang='lat' dir='ltr'>dum</span> <span class='ocrx_word' id='word_1_233' title='bbox 876 2585 1023 2628; x_wconf 88' lang='lat' dir='ltr'>fallere</span> <span class='ocrx_word' id='word_1_234' title='bbox 1045 2585 1140 2628; x_wconf 87' lang='lat' dir='ltr'>fata</span> <span class='ocrx_word' id='word_1_235' title='bbox 1163 2584 1377 2628; x_wconf 87' lang='lat' dir='ltr'>sinebant.</span> 
     </span>
    </p>
   </div>
  </div>
 </body>
</html>
