1757 2916
193 132 282 176 232
700 145 932 176 Ammnos
965 144 1051 176 Lm.
1089 146 1132 176 x.

195 242 264 296 Εὖ
280 268 368 309 vos,
395 269 418 297 o
442 253 590 298 Graiis
611 254 849 311 imperdita
869 268 1062 310 corpora,
1089 254 1261 298 Teucri.
1548 253 1638 297 430

196 325 391 382 Agmina
413 332 676 369 concurrunt
699 326 970 381 ducibusque
994 331 1038 368 et
1062 326 1227 369 viribus
1250 326 1402 382 aequis
1420 340 1432 381 3

197 397 402 439 Extremi
423 397 666 440 addensent
691 397 816 452 acies,
841 411 918 439 nec
938 397 1070 439 turba
1092 398 1254 440 moveri

199 468 308 510 Tela
329 483 575 524 manusque
600 468 715 512 sinit.
781 468 898 512 Hine
924 469 1073 512 Pallas
1095 470 1236 512 instat
1259 475 1303 512 et
1326 476 1504 527 urguet,

198 539 316 582 Hine
341 545 490 582 eontra
512 538 711 593 Lausus3
747 554 826 581 nec
850 539 1047 581 multum
1066 539 1284 596 discrepat
1307 545 1456 595 aetas;

198 612 376 669 Egregii
399 612 554 667 forma,
580 611 655 654 sed
679 614 776 666 quis
797 611 975 653 fortuna
997 616 1182 668 negarat
1549 611 1638 656 435

200 685 254 726 ln
280 683 472 740 patriam
497 683 675 727 reditus.
724 683 866 741 .Ipsos
889 698 1138 726 concurrere
1162 698 1317 740 passus

200 755 336 797 Haud
360 761 510 797 tamen
531 754 648 798 inter
670 770 713 799 se
737 756 887 813 magni
910 761 1114 813 regnator
1135 755 1316 812 Olympi
1335 769 1345 800 :

200 826 307 869 Mox
329 827 425 870 illos
448 841 527 870 sua
548 827 644 869 fata
666 832 850 870 manent
872 826 1033 884 maj0re
1057 828 1139 870 sub
1161 828 1300 871 hoste.

291 898 469 942 Interea
491 914 606 942 soror
627 899 746 941 alma
767 905 918 942 monet
941 899 1171 942 succedere
1195 899 1341 942 Lauso

202 969 406 1012 Turnum
426 984 435 1014 :
472 969 550 1026 qui
571 970 738 1013 volucri
761 985 891 1013 curru
913 971 1112 1013 medium
1134 977 1254 1013 secat
1277 985 1445 1028 agmen.
1551 969 1641 1013 440

203 1041 270 1084 Ut
292 1041 405 1084 vidit
429 1041 562 1084 socios
580 1057 588 1086 :
627 1041 655 1061 ‘⁶
675 1042 870 1098 Tempus
892 1042 1096 1085 desistere
1119 1057 1294 1098 pugnae
1314 1056 1324 1086 2

209 1112 236 1132 “
255 1113 381 1156 Solus
405 1127 482 1169 ego
505 1113 551 1155 in
574 1113 786 1155 Pallanta
807 1114 931 1169 feror,
956 1113 1035 1156 soli
1058 1113 1169 1155 mihi
1193 1113 1341 1156 Pallas

205 1182 231 1204 ‘⁶
251 1183 450 1226 Debetur
469 1198 480 1238 ;
515 1198 719 1241 euperem
743 1184 833 1241 ipse
858 1199 1015 1241 parens
1038 1190 1258 1242 spectator
1279 1186 1491 1228 adesset.'’

205 1255 327 1298 Haec
350 1256 426 1311 ait,
451 1261 496 1298 et
520 1256 622 1299 socii
644 1262 868 1298 cesserunt
891 1271 1077 1312 aequore
1096 1256 1228 1312 jusso,

205 1327 285 1383 At,
312 1328 535 1371 Rutulam
557 1329 774 1384 abscessu,
793 1328 969 1384 juvenis
994 1335 1107 1384 tum,
1127 1329 1249 1385 jussa
1272 1329 1459 1385 superba
1555 1327 1643 1372 445

206 1398 411 1454 Miratus,
439 1405 593 1455 stupet
616 1399 661 1441 in
686 1399 851 1454 Turno,
876 1414 1119 1456 corpusque
1142 1414 1218 1456 per
1238 1400 1394 1456 ingens

211 1469 396 1512 Lumina
418 1470 569 1525 volvit,
595 1470 774 1526 obitque
798 1470 913 1513 truci
934 1471 1087 1528 procul
1109 1470 1256 1513 omnia
1280 1470 1389 1526 visu,

207 1543 393 1585 'Talibus
417 1548 460 1585 et
483 1543 615 1585 dietis
638 1543 674 1586 it
698 1547 849 1586 contra
871 1543 991 1586 dicta
1013 1543 1218 1599 tyranni:

208 1613 235 1633 ‘⁸'
252 1612 349 1655 Aut
374 1613 521 1669 spoliis
544 1628 622 1671 ego
639 1613 734 1670 jam
757 1614 898 1671 raptis
918 1615 1133 1657 laudabor
1153 1613 1325 1671 opimis,

209 1686 235 1706 “
255 1685 353 1728 Aut
375 1687 463 1728 leto
486 1686 674 1744 insigui;
710 1687 815 1730 sorti
837 1692 965 1744 pater
987 1702 1153 1744 aequus
1176 1687 1354 1742 utrique
1378 1691 1458 1729 est.
1555 1685 1646 1731 450

209 1757 234 1777 ‘⁶
255 1757 377 1800 Tolle
402 1757 585 1801 minas.”
649 1759 793 1801 Fatus
816 1759 1011 1801 medium
1033 1758 1230 1815 procedit
1252 1757 1298 1800 in
1321 1772 1492 1814 aequor.

208 1829 412 1885 Frigidus
435 1830 682 1873 Arcadibus
705 1831 791 1873 coit
813 1831 860 1873 in
882 1831 1133 1887 praecordia
1156 1830 1343 1886 sanguis.

210 1900 401 1941 Desiluit
425 1900 603 1942 Turnus
625 1901 811 1957 bijugis:
847 1902 979 1957 pedes
1001 1905 1188 1957 apparat
1211 1901 1272 1942 irc

211 1970 479 2014 Comminus,
546 1970 700 2027 thue
722 1972 804 2027 leo,
831 1972 1008 2028 specula
1032 1987 1169 2028 quum
1193 1972 1304 2014 vidit
1328 1971 1383 2014 ab
1406 1972 1498 2014 alta

212 2042 335 2085 Stare
358 2042 509 2098 procul
531 2042 697 2099 eampis
719 2044 1012 2086 meditantem
1034 2043 1080 2085 in
1103 2044 1265 2100 proelia
1289 2049 1482 2099 taurum,
1559 2042 1648 2088 455

211 2112 405 2155 Advolat
427 2127 435 2156 :
472 2113 591 2155 haud
614 2113 700 2156 alia
723 2119 788 2156 cst
814 2114 954 2156 Turni
976 2114 1193 2157 venientis
1216 2114 1374 2170 image.

211 2184 345 2227 Hunc
368 2185 446 2227 ubi
468 2185 729 2242 contiguum
751 2186 910 2230 missae
931 2186 1018 2229 fore
1041 2185 1228 2229 credidit
1250 2185 1418 2242 hastae,

211 2257 280 2299 Ire
304 2257 419 2313 prior
442 2256 602 2313 Pallas,
629 2257 665 2300 si
687 2272 774 2313 qua
797 2258 883 2300 fors
907 2257 1088 2314 adjuvet
1112 2272 1272 2300 ausum

212 2328 394 2372 Viribus
417 2329 672 2386 imparibus,
697 2344 995 2386 magnumque
1017 2331 1081 2373 ita
1104 2329 1160 2372 ad
1183 2329 1362 2372 aethera
1384 2328 1504 2371 fatur
1524 2343 1533 2372 ε

214 2399 240 2420 “
262 2400 347 2442 Per
368 2401 506 2456 patris
528 2400 770 2456 hospitium
795 2406 838 2443 et
862 2416 1047 2456 mensas,
1072 2415 1182 2457 quas
1205 2400 1373 2442 advena
1396 2399 1544 2455 adisti,
1562 2397 1650 2442 460

214 2470 240 2490 “
258 2470 321 2513 Το
344 2485 506 2527 precor,
532 2470 702 2526 Alcide,
727 2472 891 2528 coeptis
914 2471 1167 2528 ingentibus
1190 2470 1330 2514 adsis!

215 2541 240 2562 ‘⁴
262 2541 424 2585 Cernat
448 2541 656 2585 semineci
679 2542 761 2584 sibi
783 2557 853 2584 mc
877 2556 1025 2599 rapere
1050 2556 1170 2584 arma
1193 2545 1392 2594 eruenta,

216 2612 242 2632 ‘⁴
263 2612 574 2671 Victoremque
598 2614 742 2656 ferant
765 2614 1000 2657 morientia
1023 2613 1194 2656 lumina
1218 2611 1401 2655 Turni.’'
