1741 2902
606 136 834 186 AENmDos
866 156 952 187 ΜΒ.
986 156 1050 187 IX.
1469 143 1555 187 197

130 262 160 286 “
179 264 304 308 Solve
327 269 485 318 metus,
504 267 638 319 atque
659 263 739 306 hoc
762 263 961 320 precibus
985 263 1074 318 sine
1097 278 1220 319 posse
1238 267 1478 319 parentem,
1499 262 1556 305 90

129 334 156 356 ‘⁶
174 335 275 378 Neu
296 350 426 378 cursu
448 340 678 391 quassatae
701 336 804 391 ullo,
828 350 915 377 neu
937 335 1112 377 turbine
1138 335 1257 377 venti

129 406 156 426 ‘⁶
172 407 420 448 Vincantur
440 419 451 460 ;
487 406 623 462 prosit
646 406 804 448 nostris
825 406 872 448 in
892 406 1115 448 montibus
1138 406 1293 448 ortas.’'

127 477 268 519 Filius
290 477 391 518 huic
415 482 579 531 contra,
604 481 780 532 torquet
803 477 880 532 qui
904 477 1043 519 sidera
1066 476 1222 518 mundi
1243 491 1251 519 :

129 546 154 566 ‘⁴
177 546 213 590 Ο
240 547 454 603 genetrix,
481 562 564 603 quo
587 547 682 589 sata
704 562 844 602 vocas,
870 553 949 590 aut
971 547 1078 603 quid
1101 547 1215 603 petis
1238 546 1371 590 istis?

129 618 157 638 ‘⁶
177 619 413 661 Mortaline
435 634 571 661 manu
594 619 735 661 factae
758 619 1004 661 immortale
1028 619 1201 660 carinae
1496 619 1554 662 95

129 688 156 709 ‘⁴
171 689 260 731 Fas
282 690 491 745 habeant,
516 695 748 745 certusque
771 690 936 732 incerta
957 690 1150 746 pericula
1171 690 1330 731 lustret

130 759 347 803 “Aeneas
367 762 388 803 Ρ
455 760 539 804 Oui
560 766 689 803 tanta
712 761 791 803 deo
813 761 1023 817 permissa
1045 765 1240 816 potestas
1257 761 1279 803 Ρ

131 830 157 851 “
175 831 331 886 Immo,
356 831 433 874 ubi
454 832 685 874 defunctae
707 832 841 874 finem
862 826 1102 888 portusque
1126 831 1342 873 tenebunt

130 902 157 923 “
179 902 393 945 Ausonios
416 903 532 958 oh'm,
558 917 859 958 quaecumque
882 903 1065 944 evaserit
1091 902 1222 944 undis

129 973 157 994 ‘⁶
176 973 538 1029 Dardaniumque
561 975 717 1016 ducem
739 973 981 1015 Laurentia
1003 973 1170 1014 vexerit
1193 987 1308 1027 arva,
1465 970 1553 1013 100

129 1043 156 1065 “
175 1043 409 1086 Mortalem
430 1044 609 1100 eripiam
629 1044 826 1099 formam,
849 1043 1083 1099 magnique
1102 1043 1265 1097 jubebo

129 1115 159 1135 “
175 1114 392 1170 Aequoris
415 1129 505 1157 esse
527 1115 644 1171 deas,
671 1115 814 1170 qualis
837 1114 999 1156 Nereia
1023 1114 1143 1156 Doto

130 1185 233 1228 “Et
258 1185 446 1228 Galatea
468 1192 618 1228 secant
641 1192 924 1242 spumantem
946 1190 1122 1241 pectore
1146 1185 1358 1240 pontum.'

128 1256 330 1312 Dixerat,
354 1256 486 1312 idque
509 1262 656 1298 ratum
681 1256 824 1312 Stygii
846 1270 922 1312 per
942 1255 1127 1297 fiumina
1148 1253 1313 1309 fratris,

129 1327 215 1369 Per
236 1327 331 1383 pice
354 1333 569 1370 torrentes
591 1332 773 1383 atraque
795 1326 997 1383 voragine
1020 1325 1135 1382 ripas
1469 1324 1554 1367 105

92 1398 316 1453 ΑΑΠΠΠΞῈ,
341 1403 386 1440 et
409 1403 556 1440 totum
577 1405 691 1440 nutu
715 1397 958 1440 tremefecit
986 1397 1242 1451 Olympum.

129 1469 244 1525 Ergo
267 1470 416 1511 aderat
439 1469 651 1525 promissa
673 1469 778 1524 dies,
804 1474 848 1510 et
871 1474 1067 1523 tempora
1091 1467 1255 1508 Parcae

130 1538 294 1580 Debita
317 1540 612 1594 complerant:
651 1537 953 1594 quumATurni
974 1537 1132 1592 injuria
1156 1536 1348 1577 Matrem

129 1609 374 1651 Admonuit
399 1610 564 1651 ratibus
587 1609 717 1651 sacris
739 1608 952 1664 depellere
975 1608 1140 1649 taedas.

130 1680 215 1722 Hic
237 1680 431 1736 primum
452 1695 564 1722 nova
586 1680 666 1722 lux
686 1679 822 1721 oculis
844 1677 1026 1733 offulsit,
1051 1682 1094 1719 et
1119 1677 1269 1733 ingens
1468 1675 1555 1717 110

128 1751 263 1793 Visus
285 1751 340 1793 ab
363 1751 534 1792 Aurora
556 1751 725 1792 coelum
747 1754 1038 1791 transcurrere
1060 1747 1251 1802 nimbus,

129 1821 336 1877 idaeique
359 1821 475 1862 chori
492 1834 502 1874 ;
537 1825 635 1862 tum
657 1835 742 1862 vox
762 1820 976 1861 horrenda
998 1833 1073 1875 per
1095 1831 1222 1860 auras

128 1891 309 1934 Excidit
332 1896 376 1933 et
401 1890 563 1933 Troum
587 1890 943 1945 Rutulorumque
965 1888 1141 1944 agmina
1163 1886 1379 1942 complet:

130 1962 157 1983 ‘⁶
175 1962 243 2004 Ne
266 1961 481 2018 trepidate
504 1976 635 2016 meas,
661 1960 832 2015 Teucri,
850 1959 1086 2002 defendere
1109 1972 1254 2011 naves,

131 2033 158 2054 ‘⁶
177 2034 300 2076 Neve
323 2037 491 2076 armate
512 2046 696 2075 manus:
731 2031 869 2073 maria
892 2036 996 2073 ante
1019 2043 1196 2072 exurere
1220 2028 1382 2082 Turno,
1468 2027 1553 2069 115

131 2105 158 2125 “
175 2105 318 2157 Quam
339 2118 479 2146 sacras
501 2103 680 2146 dabitur
701 2102 842 2158 pinus.
907 2101 997 2143 Vos
1019 2101 1081 2142 ite
1104 2099 1291 2152 solutae,

132 2175 159 2195 ‘⁶
178 2175 247 2217 Ite
269 2175 374 2217 deae
396 2173 563 2230 pelag-ie
599 2173 799 2229 genetrix
814 2172 984 2228 jubet.'’
1047 2171 1111 2213 Et.
1133 2184 1212 2213 sua
1235 2181 1433 2225 quaeque

131 2244 350 2289 Continuo
373 2258 542 2300 puppes
564 2243 833 2299 abrumpunt
853 2241 1030 2284 vincula
1051 2240 1171 2295 ripis,

131 2316 492 2372 Delphinumque
516 2315 644 2356 modo
664 2311 871 2356 demersis
893 2325 1080 2367 aequora
1106 2308 1255 2352 rostris

93 2377 98 2381 ⁶
130 2388 228 2429 Ima
249 2385 410 2443 petunt
427 2399 438 2440 5
471 2385 575 2427 binc
597 2381 1037 2441 virgineae-mirabile
1059 2384 1305 2422 monstrum
1325 2380 1360 2420 1-
1467 2374 1554 2417 120

130 2457 342 2500 Reddunt
365 2470 408 2499 se
431 2455 618 2499 totidem
639 2454 772 2496 facies
794 2457 1016 2509 pontoque
1038 2450 1253 2503 feruntur,

75 2553 92 2558 -·
137 2527 274 2583 [Quot
296 2527 416 2584 prius
438 2532 611 2569 aeratae
634 2528 849 2567 steterant
872 2523 927 2565 ad
949 2523 1076 2564 litora
1099 2518 1281 2577 prorae]

225 2597 502 2654 Obstupuere
523 2596 659 2640 animi
682 2594 865 2638 Rutulis
881 2608 891 2649 ;
927 2591 1186 2636 conterritus
1208 2589 1300 2646 ipse

1363 1184 1373 1200 5
