1741 2902
600 127 830 158 AENEIDos
862 128 947 158 LIB.
985 128 1028 159 X.
1445 116 1534 163 237

104 234 132 256 “
151 235 286 278 Dicta
307 236 454 279 dabas.
509 235 703 291 2Morere,
728 241 772 278 et
795 235 975 278 fratrem
1001 250 1054 278 ne
1076 236 1222 279 desere
1245 236 1420 280 frate1·.'’
1446 238 1534 280 600

104 305 222 348 Tum
242 307 431 349 latebras
453 306 640 360 animae,
666 312 835 362 pectus,
859 321 1064 349 mucrone
1088 307 1290 351 recludit.

104 377 230 419 Talia
253 393 329 433 per
351 393 527 434 campos
551 378 707 420 edebat
730 378 884 421 funcra
906 379 1062 422 ductor

103 447 368 504 Dardanius,
394 448 597 491 torrentis
621 464 759 504 aquae
783 450 850 491 vel
873 450 1063 492 turbinis
1086 450 1171 492 atri

102 518 221 561 More
243 519 400 562 furens.
468 519 668 561 Tandem
691 525 928 576 erumpunt
953 526 997 562 et
1021 526 1163 563 castra
1187 521 1441 587 reJinquunt

101 590 319 633 Ascanius
341 605 450 647 puer
467 597 511 633 et
534 592 835 647 nequidquam
857 592 1027 634 obsessa
1045 591 1267 647 juventus.
1444 594 1531 638 605

190 662 413 705 Junonem
436 662 603 705 interca
626 663 861 718 compellat
883 663 1064 718 Jupiter
1085 664 1226 706 ultro:

103 731 129 753 ‘⁴
150 732 186 775 O
210 742 414 789 germana
436 733 545 775 mihi
568 739 702 789 atque
726 734 878 775 eadem
901 733 1151 789 gratissima
1173 734 1345 789 conqu,

102 802 130 824 “
148 802 215 846 Ut
240 804 398 859 rebare,
425 803 692 847 Venus-nec
715 809 759 846 te
783 805 1002 846 sententia
1022 804 1137 846 fallit
1152 831 1171 836 -

102 873 130 894 “
151 873 358 929 Trojanas
381 879 603 916 sustentat
626 889 727 930 opes
748 889 757 917 z
793 889 880 916 non
901 875 1046 917 vivida
1066 875 1178 917 bello

101 943 127 964 “
147 943 318 986 Dextra
339 944 440 1003 viris
463 944 720 999 animusque
742 944 862 985 ferox
883 944 1142 999 patiensque
1165 946 1355 1000 pericli.’'
1441 947 1528 990 610

100 1014 183 1058 Oui
204 1014 325 1057 Juno
348 1015 562 1057 submissa
581 1029 591 1059 ε
628 1015 654 1035 “
675 1015 804 1070 Quid,
829 1029 853 1057 o
875 1015 1164 1072 pulcherrime
1188 1017 1360 1072 conjux,

101 1084 127 1105 “
146 1085 362 1129 Sollicitas
384 1101 555 1143 aegram
580 1091 624 1128 et
648 1091 725 1128 tua
748 1086 892 1129 tristia
914 1086 1033 1129 dicta
1054 1087 1291 1129 timentem
1311 1089 1332 1131 P

100 1155 126 1176 ‘⁴
147 1156 194 1199 Si
215 1156 336 1212 mihi,
362 1171 473 1212 quae
495 1157 717 1212 quondam
738 1157 894 1212 fuerat,
918 1172 1137 1213 quamque
1161 1173 1250 1201 csse
1274 1158 1473 1214 decebat,

100 1225 127 1246 ‘⁵
147 1227 228 1269 Vis
250 1227 295 1269 in
319 1242 462 1269 amore
484 1227 607 1270 foret.
672 1227 774 1270 Non
795 1228 875 1270 hoc
899 1228 1008 1270 mihi
1030 1243 1220 1284 namque
1243 1243 1440 1286 negares,

99 1298 125 1319 ‘⁴
149 1298 455 1355 Omnipotens,
481 1299 588 1355 quin
611 1305 655 1341 et
678 1314 852 1356 pugnae
876 1300 1115 1342 subducere
1140 1301 1353 1356 Turnum,
1440 1303 1527 1346 615

99 1369 125 1389 “
144 1369 205 1411 Et
230 1369 390 1412 Dauno
411 1385 582 1427 possem
605 1370 871 1431 incolumem
894 1385 1058 1413 servare
1081 1372 1266 1427 parenti.

98 1439 123 1459 “
144 1440 274 1482 Nunc
297 1446 461 1496 pereat,
489 1440 755 1496 Teucrisque
778 1441 848 1497 pio
871 1442 947 1483 det
970 1442 1180 1498 sanguine
1203 1457 1375 1498 poenas.

98 1508 125 1529 ‘⁴
143 1509 224 1551 Ille
248 1515 398 1552 tamen
422 1516 570 1552 nostra
594 1511 773 1552 deducit
797 1510 958 1567 origine
982 1526 1152 1567 nomen,
1222 1518 1227 1522 “

98 1579 125 1600 “
143 1580 463 1636 Pilumnusque
485 1580 550 1624 illi
571 1586 754 1636 quartus
776 1587 915 1637 pater,
941 1587 986 1624 et
1010 1587 1090 1624 tua
1112 1583 1234 1639 larga

98 1650 125 1671 ‘⁴
141 1652 278 1708 Saepe
300 1666 435 1693 manu
457 1652 699 1707 multisque
722 1653 916 1694 oneravit
939 1653 1093 1696 limina
1116 1654 1282 1697 donis.'’
1438 1654 1525 1698 620

97 1722 181 1765 Oui
204 1738 280 1765 rex
302 1723 482 1765 aetherii
504 1723 691 1765 breviter
713 1723 772 1766 sic
795 1724 913 1766 fatus
937 1723 1141 1780 Olympi:

97 1792 124 1813 ‘⁶
141 1792 187 1836 Si
209 1807 328 1835 mora
351 1793 593 1849 praesentis
615 1793 694 1835 leti
716 1798 978 1849 tempusque
1001 1796 1164 1837 caduco

97 1863 123 1883 ‘⁴
143 1863 306 1907 Oratur
321 1864 490 1920 juveni,
514 1879 669 1920 meque
691 1865 771 1907 hoc
794 1865 858 1907 ita
880 1880 1037 1921 ponere
1061 1866 1195 1908 sentis
1211 1881 1222 1920 3

97 1934 124 1954 ‘⁶
145 1934 267 1977 Tolle
290 1936 396 1993 fuga
420 1936 623 1978 Turnum
645 1942 778 1992 atque
800 1936 1071 1980 instantibus
1094 1938 1209 1994 eripe
1230 1938 1360 1982 fatis:

99 2005 127 2026 “
144 2006 374 2050 Hactenus
395 2007 626 2050 indulsisse
648 2012 789 2051 vacat.
856 2007 934 2050 Sin
956 2007 1085 2050 altior
1105 2008 1203 2051 istis
1437 2010 1523 2053 625

97 2076 124 2097 “
145 2076 235 2120 Sub
257 2079 460 2134 precibus
482 2079 608 2120 venia
631 2079 723 2120 ulla
743 2079 869 2134 latet,
894 2084 1128 2135 totumque
1151 2080 1315 2122 moveri

99 2146 124 2166 ‘⁶
146 2147 366 2189 Mutarive
388 2153 519 2204 putas
541 2148 707 2190 bellum
725 2162 736 2202 ;
771 2163 868 2204 spes
891 2149 1032 2205 pascis
1054 2149 1243 2193 inanes.”

97 2217 157 2258 Et
180 2217 210 2259 J
215 2231 300 2259 uno
323 2216 620 2260 allacrimans:
657 2217 685 2238 ‘⁶
705 2218 836 2272 Quid,
862 2218 910 2272 si,
935 2232 1047 2273 quae
1069 2233 1170 2260 voce
1193 2220 1401 2275 gravaris,

97 2287 123 2307 ‘⁶
144 2287 291 2329 Mente
314 2287 451 2342 dares,
475 2292 608 2342 atque
629 2287 734 2329 haec
760 2287 909 2329 Turno
932 2293 1027 2329 rata
1048 2288 1141 2329 vita
1163 2294 1359 2330 maneret
1379 2290 1400 2332 P

99 2358 122 2379 ³‘
142 2358 184 2400 N
191 2370 276 2400 unc
300 2362 450 2399 manet
474 2357 694 2400 insontem
715 2357 856 2414 gravis
879 2357 1037 2412 exitus,
1062 2363 1140 2399 aut
1164 2372 1240 2414 ego
1262 2359 1352 2400 veri
1436 2360 1522 2402 630

97 2428 124 2449 “
140 2427 268 2471 Vana
289 2428 412 2471 feror.
478 2427 606 2481 Quod
627 2434 679 2470 ut
702 2440 728 2469 0
751 2428 897 2484 potius
918 2428 1148 2470 formidine
1171 2428 1283 2471 falsa

97 2497 125 2518 ‘⁶
141 2497 304 2553 Ludar,
329 2504 373 2540 et
395 2497 440 2540 in
463 2498 618 2540 melius
642 2503 734 2552 tua,
760 2497 835 2553 qui
856 2504 992 2554 potes,
1017 2512 1110 2540 orsa
1134 2498 1328 2541 reflectas
1348 2503 1356 2543 Ε
1378 2500 1403 2517 ”

97 2567 217 2612 Haec
239 2568 316 2610 ubi
337 2567 457 2611 dicta
479 2568 617 2624 dedit,
642 2567 758 2611 coelo
781 2582 824 2610 se
847 2574 1053 2624 protenus
1075 2569 1165 2611 alto
