1731 2923
638 118 872 149 AENEIDOS
905 118 992 150 LIB.
1029 119 1075 149 11.

131 225 160 248 ‘⁶
175 227 270 271 Hos
291 241 396 284 cape
418 227 612 270 fatorum
635 227 832 283 comites,
855 227 924 270 his
946 225 1120 269 moenia
1143 240 1315 282 quaere,

131 297 158 319 ‘⁶
173 299 337 355 Magna
358 304 578 355 pererrato
601 302 772 341 statues
796 312 908 354 quae
931 297 1118 353 denique
1142 297 1320 353 pont0.”

131 370 200 413 Sic
224 371 301 426 ait,
327 376 372 413 et
395 370 600 413 manibus
622 370 758 413 vittas
781 370 1057 426 Vestamque
1080 373 1311 426 potentem

131 440 465 497 Aeternumque
489 441 636 497 adytis
659 440 783 483 effert
808 440 1108 498 penetralibus
1129 440 1288 497 ignem.

221 511 404 554 Diverso
427 510 594 554 interea
617 511 859 554 miscentur
882 511 1056 554 moenia
1077 511 1219 565 luctu,

129 583 192 625 Et
213 583 356 639 magis
379 589 515 639 atque
538 583 691 639 magis,
716 596 991 639 quamquam
1013 587 1179 625 secreta
1201 579 1398 638 parentis

129 646 350 697 Anchisae
374 655 530 696 domus
553 653 863 710 arboribusque
886 653 1062 696 obtecta
1084 652 1273 706 recessit,

130 724 388 767 Clarescunt
411 724 594 780 sonitus,
620 739 925 780 armorumque
948 723 1117 781 ingruit
1140 722 1299 765 horror.

129 796 343 838 Excutior
364 811 529 852 somno,
553 801 598 839 et
621 796 784 839 summi
804 795 981 853 fastigia
1002 794 1112 838 tecti

130 866 360 908 Adscensu
383 880 551 922 supero,
575 871 710 922 atque
734 865 914 908 arrectis
934 865 1114 907 auribus
1137 864 1289 907 adsto:

129 938 184 980 In
207 943 399 994 segetem
421 937 563 979 veluti
586 951 726 993 quum
748 937 929 979 flamma
949 935 1201 978 furentibus
1223 932 1405 976 Austris

129 1009 308 1064 Incidit,
333 1013 413 1051 aut
437 1008 614 1065 rapidus
636 1013 845 1050 montano
867 1006 1053 1049 flumine
1075 1011 1242 1048 torrens

130 1080 298 1124 Sternit
321 1094 463 1136 agros,
490 1079 650 1123 sternit
672 1084 770 1122 sata
790 1078 913 1121 laeta
933 1078 1158 1133 boumque
1179 1075 1363 1130 labores,

130 1151 488 1208 Praecipitesque
510 1151 651 1193 trahit
675 1151 805 1193 silvas
822 1164 833 1204 3
870 1154 1024 1206 stupet
1046 1147 1214 1190 inscius
1237 1146 1331 1189 alto

130 1223 367 1280 Accipiens
391 1222 587 1265 sonitum
609 1221 705 1265 saxi
726 1222 780 1264 de
803 1220 967 1263 vertice
989 1224 1150 1276 pastor,

132 1294 251 1336 Tum
273 1308 373 1336 vero
394 1293 632 1336 manifesta
653 1293 775 1348 fides,
801 1291 1097 1347 Danaumque
1119 1294 1356 1346 patescunt

133 1365 350 1410 Insidiae:
379 1364 474 1421 jam
496 1363 717 1421 Deiphobi
739 1363 862 1406 dedit
884 1362 1034 1419 ampla
1057 1361 1230 1404 ruinam

134 1437 336 1479 Vulcano
351 1440 593 1492 superante
616 1436 785 1490 domus,
804 1433 900 1490 jam
923 1433 1150 1490 proximus
1173 1431 1297 1474 ardet

134 1508 372 1564 Ucalegon,
399 1507 527 1563 Sigea
548 1506 641 1562 igni
662 1506 775 1548 freta
796 1506 890 1547 lata
912 1505 1109 1547 relucent
1130 1517 1141 1557 3

132 1577 343 1620 Exoritur
364 1577 611 1632 clamorque
632 1575 777 1617 virum
800 1575 1062 1630 clangorque
1084 1572 1309 1614 tubarum.

132 1649 272 1692 Arma
293 1662 443 1690 amens
461 1647 583 1704 capio
600 1660 612 1700 3
646 1660 725 1688 nec
749 1650 818 1688 sat
842 1644 1022 1694 rationis
1044 1644 1092 1685 in
1114 1642 1263 1697 armis,

133 1721 220 1764 Sed
243 1720 480 1776 glomerare
501 1732 686 1760 manum
707 1717 821 1760 bello
844 1720 889 1758 et
913 1728 1164 1759 concurrere
1186 1713 1233 1755 in
1255 1725 1400 1755 arcem

134 1791 247 1835 Cum
271 1791 395 1834 sociis
417 1790 573 1832 ardent
595 1788 758 1842 animi:
793 1788 915 1830 furor
936 1788 1088 1842 iraque
1110 1790 1307 1827 mentem

133 1861 453 1918 Praecipitant,
479 1860 802 1917 pulchrumque
824 1859 933 1901 mori
956 1856 1173 1901 succurrit
1195 1855 1242 1897 in
1264 1854 1408 1897 armis.

133 1933 250 1975 Ecce
271 1937 424 1975 autem
445 1931 546 1979 telis
569 1930 775 1973 Panthus
794 1930 968 1986 elapsus
991 1927 1230 1982 Achivum,

134 2004 338 2046 Panthus
362 2002 624 2058 Othryades,
650 2001 760 2044 arcis
783 2000 1039 2057 Phoebique
1062 1998 1273 2053 sacerdos,

136 2077 268 2121 Sacra
289 2090 426 2117 manu
447 2075 672 2130 victosque
694 2074 796 2116 deos
819 2085 1093 2130 parvumque
1117 2073 1325 2126 nepotem

136 2148 237 2205 Ipse
260 2146 412 2201 trahit,
437 2160 655 2201 cursuque
677 2159 828 2187 amens
851 2145 907 2186 ad
930 2143 1085 2186 limina
1107 2140 1265 2184 tendit.

1504 109 1562 152 35

1473 297 1563 341 295

1477 650 1563 692 300

1477 1004 1565 1047 305

1477 1357 1567 1400 310

1480 1710 1569 1753 315

1479 2066 1568 2108 320

136 2219 162 2240 ‘⁴
180 2219 275 2273 Quo
293 2231 358 2260 res
377 2231 550 2260 summa
565 2217 672 2271 loco,
692 2216 874 2258 Panthu
889 2217 910 2258 Ρ
936 2228 1072 2271 quam
1087 2211 1343 2269 prendimus
1360 2222 1504 2250 arcem
1520 2207 1570 2250 ?”

136 2289 228 2332 Vix
249 2303 299 2331 ea
320 2287 443 2330 fatus
465 2301 598 2342 eram,
622 2286 794 2343 gemitu
816 2300 956 2341 quum
980 2283 1088 2326 talia
1110 2281 1253 2324 reddit
1273 2295 1282 2323 :

138 2360 164 2381 “
183 2359 321 2404 Venit
341 2373 514 2402 summa
535 2357 627 2400 dies
649 2362 693 2399 et
716 2355 999 2409 ineluctabile
1021 2359 1199 2408 tempus

138 2431 165 2452 ‘⁶
184 2431 447 2474 Dardaniae.
511 2428 701 2471 Fuimus
725 2427 873 2482 Troes,
897 2425 984 2468 fuit
1006 2423 1144 2467 Ilium
1166 2427 1211 2465 et
1234 2421 1388 2477 ingens

139 2502 166 2523 “
186 2501 338 2545 Gloria
361 2501 659 2561 Teucrorum:
694 2499 812 2541 ferus
835 2497 980 2541 omnia
1002 2495 1185 2552 Jupiter
1206 2492 1350 2546 Argos

144 2571 168 2594 '‘
187 2572 452 2626 Transtulit,
478 2572 653 2614 incensa
677 2569 824 2613 Danai
847 2568 1133 2612 dominantur
1154 2565 1201 2607 in
1222 2563 1342 2606 urbe.

1484 2418 1570 2461 325
