1778 2937
224 161 281 204 10
395 202 399 206 .
718 173 951 204 AENEIDos
984 173 1071 204 ΜΒ.
1106 172 1134 203 1.

223 279 436 326 Constitit
459 286 504 324 et
526 281 692 338 Libyae
714 281 869 325 defixit
891 280 1062 324 lumina
1083 278 1240 337 regnis.

222 353 375 410 Atque
402 353 545 410 illum,
570 353 682 396 tales
698 352 947 409 jactantem
968 356 1144 409 pectore
1167 365 1308 408 curas,

223 424 411 468 Tristior
431 430 476 467 et
497 424 692 467 lacrimis
714 425 861 467 oculos
884 423 1051 467 suffusa
1072 423 1268 465 nitentes

221 496 482 552 Alloquitur
503 495 657 539 Venus
680 509 691 540 :
729 495 756 516 “
774 495 810 539 O
834 495 913 552 qui
936 510 1002 538 res
1022 495 1343 552 hominumque
1366 495 1588 552 deumque

223 566 250 587 ‘⁴
267 566 475 609 Aeternis
497 566 608 624 regis
630 566 827 623 imperiis
850 571 896 609 et
916 565 1104 609 fulmine
1127 571 1276 622 terres,
1572 567 1663 609 230

228 637 255 658 ‘⁴
272 638 389 692 Quid
412 652 537 681 meus
559 638 735 681 Aeneas
756 638 803 681 in
825 643 869 681 te
893 637 1168 681 committere
1193 642 1388 694 tantum,

221 710 250 733 “
264 711 382 764 Quid
406 711 537 754 Troes
559 716 754 768 potuere,
775 711 950 767 quibus,
976 715 1042 753 tot
1064 709 1220 753 funera
1241 709 1397 767 passis,

222 780 251 802 “
268 781 469 824 Cunctus
492 781 546 823 ob
568 781 750 823 Italiam
773 786 991 824 terrarum
1013 781 1235 824 clauditur
1257 782 1372 825 orbis
1393 782 1414 825 P

221 850 250 872 “
269 850 396 908 Certe
419 851 519 893 hinc
542 850 763 895 Romanos
784 851 904 908 olim,
930 852 1210 895 volventibus
1233 853 1373 908 annis,

220 921 247 942 ‘⁶
267 921 385 964 Hinc
408 922 495 965 fore
518 922 735 978 ductores,
760 928 960 966 revocato
983 938 1010 965 a
1033 923 1246 980 sanguine
1272 923 1447 980 Teucri,
1573 923 1664 968 235

221 992 249 1013 “
270 993 357 1046 Qui
378 1007 512 1050 mare,
538 993 617 1050 qui
638 999 777 1037 terras
799 994 920 1037 omni
942 994 1112 1037 dicione
1135 1000 1356 1051 tenerent,

222 1062 249 1083 ‘⁶
267 1062 514 1119 Pollicitus,
539 1078 652 1120 quae
674 1070 733 1121 te,
757 1065 942 1122 genitor,
968 1066 1188 1109 sententia
1206 1067 1339 1109 vertit
1363 1068 1384 1110 Ρ

221 1132 249 1153 “
267 1133 364 1176 Ηο0
382 1134 588 1190 equidem
610 1149 815 1178 occasum
839 1135 996 1193 Trojae
1018 1137 1257 1194 tristesque
1279 1138 1430 1181 ruinas

223 1203 250 1224 ‘⁶
269 1204 461 1261 solabar,
485 1205 589 1249 satis
612 1207 829 1250 contraria
851 1207 947 1250 fata
969 1209 1214 1265 rependens
1234 1223 1246 1264 3

221 1274 249 1295 “
267 1275 311 1317 N
314 1290 400 1319 unc
423 1277 578 1319 eadem
599 1277 777 1320 fortuna
798 1278 912 1321 viros
935 1284 1003 1322 tot
1026 1279 1201 1322 casibus
1223 1285 1344 1323 actos
1573 1280 1664 1325 240

222 1346 250 1367 “
268 1347 536 1404 Insequitur.
602 1348 746 1402 Quem
768 1350 846 1392 das
868 1349 1016 1406 finem,
1041 1365 1117 1393 rex
1138 1366 1311 1408 magne,
1335 1352 1536 1395 laborum
1556 1354 1578 1397 Ρ
1606 1386 1611 1392 .

222 1418 250 1440 “
265 1419 468 1463 Antenor
489 1421 652 1477 potuit,
678 1421 833 1465 mediis
856 1422 1031 1479 elapsus
1054 1423 1252 1480 Achivis,

222 1490 249 1511 ‘⁶
264 1491 463 1548 Illyricos
484 1498 711 1549 penetrare
734 1492 855 1535 sinus
877 1498 1013 1549 atque
1035 1493 1196 1537 intima
1218 1500 1348 1538 tutus

271 1564 417 1619 Regna
439 1563 750 1620 Liburnorum,
775 1570 820 1607 et
842 1565 1014 1608 fontem
1038 1581 1242 1623 superare
1268 1567 1459 1624 Timavi,

182 1626 184 1629 ¹
223 1639 229 1644 ’
268 1634 400 1677 Unde
422 1650 500 1692 per
521 1650 595 1678 ora
616 1650 774 1678 novem
794 1642 922 1679 vasto
945 1651 1049 1679 cum
1071 1652 1297 1681 murmure
1320 1638 1487 1683 montis
1571 1639 1661 1685 245

221 1705 246 1726 “
263 1705 309 1748 It
333 1721 452 1749 mare
474 1711 743 1764 proruptum
765 1712 811 1750 et
833 1707 989 1765 pelago
1011 1709 1175 1765 premit
1198 1724 1303 1752 arva
1326 1710 1516 1755 sonanti.

222 1776 248 1796 ‘⁴
268 1776 355 1819 Hic
371 1782 522 1819 tamen
535 1778 610 1820 ille
626 1778 781 1820 urbem
804 1778 968 1822 Patavi
990 1780 1202 1837 sedesque
1223 1781 1388 1824 locavit

221 1847 248 1869 “
268 1848 548 1902 Teucrorum,
586 1854 631 1892 et
653 1850 778 1906 genti
798 1865 958 1894 nomen
979 1852 1104 1895 dedit
1125 1867 1335 1910 armaque
1358 1854 1460 1897 fixit

223 1919 252 1940 “
270 1919 416 1975 Troia3
435 1934 552 1962 nunc
575 1920 748 1977 placida
770 1928 1021 1978 compostus
1043 1938 1152 1980 pace
1176 1925 1364 1980 quiescit
1380 1940 1392 1980 3

222 1989 250 2010 “
269 1989 377 2045 Nos,
402 1994 482 2032 tua
503 1991 742 2047 progenies,
768 1992 877 2035 coeli
899 1993 1060 2050 quibus
1082 1995 1241 2038 annuis
1263 2011 1422 2053 arcem,
1569 1999 1659 2043 250

222 2059 248 2080 “
268 2059 729 2104 Navibus-infandum
751 2063 973 2120 2-amissis,
997 2065 1130 2108 unius
1147 2065 1202 2108 ob
1223 2066 1337 2109 iram

222 2131 250 2153 ‘⁶
268 2131 514 2189 Prodimur,
539 2138 674 2190 atque
697 2134 827 2178 Italis
847 2136 975 2193 longe
999 2136 1296 2195 disjungimur
1317 2140 1416 2184 oris.

222 2202 252 2224 “
271 2202 358 2245 Hic
381 2202 563 2259 pietatis
586 2204 721 2248 honos
743 2206 765 2249 Ρ
803 2205 874 2250 Sic
896 2221 974 2250 nos
995 2207 1043 2250 in
1065 2214 1238 2265 sceptra
1260 2210 1430 2267 reponis
1452 2212 1473 2255 ?
1488 2213 1513 2231 '¹

221 2273 309 2316 Olli
326 2273 551 2317 subridens
573 2275 805 2318 hominum
827 2282 946 2320 sator
967 2283 1103 2335 atque
1126 2280 1307 2323 deorum

221 2344 379 2400 Vultu,
405 2360 490 2401 quo
512 2347 682 2389 coelum
704 2352 1082 2405 tempestatesque
1107 2357 1292 2408 serenat,
1389 2394 1391 2396 ,
1570 2356 1658 2401 255

221 2415 383 2459 Oscula
404 2417 561 2460 libavit
583 2423 729 2474 natae,
755 2419 912 2462 dehinc
936 2420 1044 2463 talia
1066 2421 1188 2464 fatur
1209 2437 1219 2466 :

222 2486 249 2508 “
265 2486 400 2531 Parce
421 2495 560 2546 metu,
588 2489 806 2546 Cytherea
826 2504 837 2536 ε
872 2497 1054 2535 manent
1076 2493 1264 2537 immota
1286 2500 1465 2540 tuorum

224 2559 250 2579 ‘⁶
269 2560 386 2603 Bata
408 2561 491 2604 tibi
508 2575 519 2616 ;
555 2575 703 2605 cernes
725 2562 877 2605 urbem
900 2567 944 2606 et
967 2565 1179 2620 promissa
1203 2565 1361 2610 Lavini

224 2630 248 2651 '‘
265 2631 450 2687 Moenia,
471 2632 794 2689 sublimemque
817 2634 924 2677 seres
946 2635 1002 2678 ad
1027 2635 1166 2679 sidera
1189 2638 1295 2681 coeli
