1741 2902
629 139 857 170 AENEmos
888 143 974 175 ΜΒ.
1009 145 1072 177 1x.
1490 143 1576 187 217

153 239 380 298 Occupat:
414 243 517 286 huic
541 259 627 287 uno
650 246 869 302 dejectum
891 252 1133 296 comminus
1156 255 1251 298 ictu
1485 259 1573 305 770

152 311 265 355 Cum
287 314 410 369 galea
430 315 556 372 longe
573 315 716 372 jacuit
740 326 886 376 caput.
952 323 1062 366 Inde
1084 325 1273 369 ferarum

148 380 430 426 Vastatorem
453 385 688 443 Amycum,
713 404 798 445 quo
821 406 906 433 non
928 392 1091 437 felicior
1112 396 1223 439 alter

148 451 355 508 Unguere
378 456 465 497 tela
488 471 623 500 manu
644 459 892 516 ferrumque
916 478 1082 508 armare
1104 481 1284 523 veneno,

145 522 205 564 Et-
232 523 429 579 Clytium
453 526 683 584 Aeoliden,
709 537 752 573 et
776 533 967 576 amicum
993 535 1182 581 Crethea
1206 540 1358 597 Musis,

145 592 331 636 Crethea
355 595 583 640 Musarum
606 600 826 658 comitem,
851 605 923 646 cui
946 607 1138 650 carmina
1161 624 1329 667 semper

143 649 203 705 Eat
227 664 418 708 citharae
442 669 570 724 cordi,
595 685 881 728 numerosque
904 675 1127 720 intendere
1151 682 1291 724 nervis
1305 698 1317 738 3

145 734 324 790 Semper
345 751 475 793 equos
499 744 631 795 atque
653 756 776 785 arma
798 743 942 787 virum
964 761 1221 806 pugnasque
1244 754 1442 798 canebat.

142 803 339 848 Tandem
361 808 561 853 ductores
583 813 735 855 audita
756 816 887 858 caede
909 832 1087 862 suorum

141 874 420 920 Conveniunt
444 879 615 937 Teucri,
640 883 897 929 Mnestheus
919 903 1100 946 acerque
1126 893 1336 950 Serestus,

139 946 435 1006 Palantesque
458 953 608 996 vident
630 956 762 999 socios
785 957 1042 1017 hostemque
1065 971 1299 1021 receptum.
1475 968 1563 1014 '780

137 1017 199 1059 Et
219 1018 478 1065 Mnestheus
503 1022 530 1044 ‘⁶
549 1024 646 1077 Quo
662 1026 817 1070 deinde
834 1029 999 1087 fugam,
1019 1047 1105 1089 quo
1125 1037 1305 1080 tenditis
1320 1040 1341 1081 ‚9
1360 1041 1383 1057 '³
1402 1040 1559 1096 inquit.

137 1087 165 1107 “
184 1088 300 1141 Quos
323 1091 429 1135 alios
451 1107 612 1150 muros,
637 1110 748 1151 quae
765 1097 859 1153 jam
881 1100 999 1144 ultra
1020 1105 1191 1147 moenia
1214 1107 1386 1152 habetis
1406 1111 1441 1153 :²

136 1156 163 1177 ‘⁶
183 1157 313 1202 Unus
336 1160 477 1218 homo,
503 1169 548 1206 et
570 1166 737 1222 vestris,
764 1182 787 1209 O
810 1169 941 1226 cives,
967 1174 1162 1230 undique
1186 1183 1338 1233 septus

135 1226 163 1248 “
179 1228 440 1288 Aggeribus,
466 1238 614 1278 tantas
637 1242 801 1293 strages
822 1239 1002 1297 impune
1025 1259 1102 1300 per
1122 1247 1274 1290 urbem

135 1297 162 1318 ‘⁶
176 1298 377 1344 Ediderit
393 1303 414 1346 ?
443 1303 659 1359 juvenum
682 1308 844 1364 primos
862 1316 931 1355 to't
953 1313 1120 1358 miserit
1145 1316 1253 1361 Orco
1273 1321 1294 1362 Ρ
1471 1321 1558 1367 785

135 1368 163 1389 “
181 1370 283 1413 Non
304 1371 486 1416 infelicis
509 1376 676 1431 patriae
699 1385 985 1439 veterumque
1007 1386 1187 1430 deorum

133 1439 162 1459 “
179 1440 241 1482 Et
263 1443 413 1498 magni
436 1443 613 1489 Aeneae
637 1462 787 1505 segnes
810 1452 1071 1510 miseretque
1093 1459 1318 1515 pudetque
1335 1463 1356 1505 Ρ
1378 1464 1404 1481 ”

132 1509 314 1554 Talibus
335 1515 505 1556 accensi
526 1515 772 1574 firmantur,
798 1526 842 1563 ct
865 1524 1038 1578 agmine
1061 1527 1194 1570 denso

131 1581 403 1628 Consistunt.
469 1585 645 1630 Turnus
667 1590 903 1645 paullatim
925 1597 1130 1639 excedere
1151 1614 1313 1657 pugna,

129 1653 190 1694 Et
211 1654 396 1697 fluvium
417 1662 563 1711 petere
585 1673 634 1701 ac
657 1666 844 1719 partem,
868 1679 980 1720 quae
1002 1667 1193 1725 cingitur
1213 1674 1341 1716 unda.
1466 1674 1554 1720 ‘790

128 1724 285 1767 Acrius
307 1725 386 1768 hoc
412 1726 569 1771 Teucri
591 1730 774 1775 clamore
796 1733 1043 1781 incumbere
1065 1754 1238 1799 magno,

126 1794 188 1837 Et
211 1796 448 1851 glomerare
471 1813 654 1843 manum
674 1817 683 1845 :
720 1817 799 1846 ceu
822 1820 1000 1850 saevum
1021 1812 1152 1854 turba
1173 1813 1343 1856 leonem

127 1864 275 1917 Quum
297 1866 395 1909 telis
418 1869 578 1923 premit
600 1870 793 1929 infensis,
817 1880 865 1917 at
887 1878 1065 1922 territus
1087 1881 1172 1938 ille,

125 1934 281 1991 Asper,
307 1938 460 1980 acerba
483 1945 626 1997 tuens,
650 1948 764 1987 retro
786 1947 911 2003 redit,
937 1954 981 1991 et
1005 1965 1145 2007 neque
1169 1958 1291 2011 terga

125 2005 197 2047 Ira
219 2006 320 2049 dare
342 2013 421 2051 aut
444 2009 585 2053 virtus
606 2014 793 2071 patitur,
818 2031 896 2060 nec
920 2021 1098 2064 tendere
1121 2030 1271 2068 contra
1461 2028 1488 2074 7
1494 2032 1549 2075 95

124 2075 205 2118 Ille
228 2077 420 2135 quidem,
445 2080 525 2123 hoc
548 2083 742 2141 cupiens,
768 2087 886 2142 potis
909 2095 975 2132 est
997 2106 1074 2147 per
1094 2094 1182 2137 tela
1204 2096 1412 2154 virosque.

124 2146 260 2189 Haud
281 2148 407 2191 aliter
427 2155 540 2194 retro
563 2153 722 2197 dubius
743 2157 928 2214 vestigia
952 2159 1129 2206 Turnus

123 2217 427 2273 Improperata
450 2220 592 2276 refert,
616 2227 661 2264 et
684 2238 809 2268 mens
831 2219 1061 2273 exaestuat
1083 2232 1157 2276 ira.

125 2287 240 2339 Quin
263 2288 398 2329 etiam
419 2289 607 2332 histum
630 2294 794 2337 medios
816 2295 1035 2341 invaserat
1057 2301 1216 2359 hostes,

125 2357 198 2399 Bis
221 2358 402 2401 confusa
424 2359 530 2416 fuga
551 2376 626 2418 per
646 2377 789 2407 muros
812 2367 990 2422 agmina
1011 2371 1142 2413 vertit
1157 2387 1169 2426 ,·
1458 2380 1547 2423 800

125 2426 208 2469 Sed
231 2442 386 2472 manus
409 2443 432 2471 e
455 2431 606 2474 castris
630 2448 805 2489 propere
829 2436 915 2479 coit
933 2440 1072 2482 omnis
1095 2441 1141 2484 in
1164 2457 1303 2487 ulium
1321 2461 1332 2500 ;

122 2496 216 2540 Nec
239 2504 391 2542 contra
412 2501 524 2544 vires
547 2504 681 2546 audet
705 2505 912 2549 Saturnia
933 2509 1054 2554 Juno

125 2566 358 2613 Sufficere:
392 2571 559 2614 aeriam
581 2574 698 2616 coelo
721 2590 823 2618 nam
846 2577 1027 2635 Jupiter
1049 2581 1154 2625 Irim

478 2630 526 2668 10
