1731 2923
575 141 807 174 AENEIDos
840 140 928 172 Lrss.
963 140 1010 170 11.
1452 123 1507 166 31

80 258 107 280 “
122 257 210 300 Fas
232 256 371 300 odisse
393 254 505 297 viros
527 257 663 309 atque
684 250 831 294 omnia
853 249 964 292 ferre
983 246 1063 290 sub
1085 259 1230 300 auras,

81 328 108 350 ‘⁶
130 328 175 372 Si
197 341 285 384 qua
306 329 483 382 tegunt,
503 329 652 366 teneor
672 321 840 379 patriae
862 334 941 361 nec
964 316 1135 374 legibus
1157 315 1259 357 ullis

80 400 108 421 ‘⁶
128 399 199 441 Tu
220 398 348 440 modo
371 394 594 453 promissis
617 407 810 447 maneas,
836 395 1092 445 servataque
1117 400 1271 441 serves,
1429 384 1495 426 16,

81 471 107 492 “
127 469 269 526 Troja,
292 468 439 522 fidem,
466 466 502 509 si
523 478 623 507 vera
643 463 796 518 feram,
822 461 858 504 si
878 474 1040 516 magna
1062 457 1374 514 rependaii].---—

80 543 106 563 ‘⁴
126 541 282 586 Omnis
306 554 402 596 spes
426 538 639 580 Danaum
661 540 705 577 et
729 532 874 590 coepti
894 530 1058 574 fiducia
1079 528 1184 572 belli

81 614 107 635 ‘⁶
128 611 325 656 Palladis
347 609 524 652 auxiliis
547 621 715 663 semper
733 605 872 648 stetit.
938 601 1109 658 Impius
1127 615 1182 642 ex
1203 613 1289 655 quo

81 685 108 707 ‘⁵
129 684 320 741 Tydides
343 682 418 725 sed
441 679 558 722 enim
581 678 877 731 scelerumque
900 675 1102 716 inventor
1125 670 1296 724 Ulixes,

81 757 108 777 ‘⁴
123 755 280 798 Fatale
299 751 491 810 aggressi
515 754 682 793 sacrato
707 747 888 790 avellere
911 744 1078 801 templo
1435 739 1516 780 165

83 828 109 849 ‘⁴
129 826 394 880 Palladium,
419 822 553 866 eaesis
576 834 772 864 summae
796 816 1050 860 custodibus
1073 813 1197 868 arcis,

82 899 110 919 ‘⁴
130 897 383 957 Corripuere
407 907 575 937 sacram
598 890 802 947 effigiem,
826 887 1116 942 manibusque
1140 882 1334 927 cruentis

83 970 111 991 “
130 968 363 1025 Virgineas
385 964 482 1008 ausi
503 963 630 1006 divae
653 960 904 1016 contingere
929 957 1064 999 vittas
1082 970 1092 1010 3

83 1040 110 1061 ‘⁴
129 1039 201 1082 Ex
222 1038 297 1080 illo
318 1036 452 1079 fluere
475 1049 525 1076 ac
549 1037 666 1075 retro
691 1030 899 1086 sublapsa
921 1026 1068 1070 referri

84 1111 111 1131 ‘⁶
131 1110 241 1167 Spes
263 1108 487 1160 Danaum,
510 1104 675 1147 fractae
697 1101 823 1156 vires,
847 1113 997 1143 aversa
1019 1098 1124 1140 deae
1146 1109 1282 1139 mens.
1432 1091 1518 1137 170

85 1182 112 1203 ‘⁶
130 1181 225 1224 Nec
246 1178 391 1224 dubiis
414 1192 464 1220 ea
487 1176 611 1233 signa
633 1173 754 1217 dedit
780 1170 982 1214 Tritonia
1002 1167 1210 1211 monstris
1231 1182 1240 1210 :

85 1254 113 1275 ‘⁶
133 1253 225 1296 Vix
246 1250 442 1308 positum
466 1246 621 1291 castris
645 1243 933 1288 simulacrum
953 1255 965 1296 ;
1000 1253 1141 1283 arsere
1166 1251 1369 1280 coruscae

86 1325 112 1346 “
131 1321 396 1367 Luminibus
417 1320 624 1362 flammae
647 1314 840 1370 arrectis,
866 1313 1094 1368 salsusque
1118 1324 1194 1368 per
1216 1313 1341 1352 artus

87 1395 115 1417 ‘⁶
133 1394 272 1439 Sudor
293 1392 361 1448 iit,
387 1396 540 1446 terque
561 1389 657 1446 ipsa
680 1384 991 1430 solo-mirabile
1013 1383 1160 1426 dictu-

88 1468 114 1488 “
135 1465 349 1519 Emicuit,
373 1474 663 1520 parmamque
685 1460 827 1501 ferens
848 1457 1113 1511 hastamque
1137 1455 1410 1495 trementem.
1436 1446 1523 1499 175

88 1537 115 1558 ‘⁴
133 1534 371 1592 Extemplo
393 1532 608 1576 tentanda
628 1530 736 1586 suga
757 1527 876 1571 canit
899 1539 1087 1581 aequora
1110 1522 1311 1577 Calchas,

89 1608 116 1629 ‘⁶
132 1607 226 1650 Nec
249 1619 373 1663 posse
395 1601 611 1659 Argolicis
633 1597 830 1642 exscindi
852 1597 1069 1651 Pergama
1090 1593 1204 1647 telis,

90 1679 118 1700 ⁴⁴
136 1678 297 1723 Omina
319 1676 366 1720 ni
387 1677 591 1732 repetant
613 1671 760 1728 Argis,
784 1680 1039 1723 numenque
1062 1665 1291 1718 reducant,

91 1751 118 1771 ‘⁶
139 1750 266 1804 Quod
287 1748 442 1805 pelago
465 1751 510 1788 et
533 1743 676 1787 curvis
698 1754 849 1785 secum
870 1752 1053 1782 avexere
1076 1734 1245 1779 carinis.

92 1822 119 1843 ‘⁶
137 1821 199 1864 Et
221 1834 337 1863 nunc
362 1817 479 1875 quod
498 1814 664 1872 patrias
686 1817 818 1855 vento
838 1809 1005 1867 petiere
1028 1808 1261 1863 Mycenas:
1437 1802 1523 1845 180

92 1893 120 1914 ‘⁶
138 1893 279 1936 Arma
300 1891 488 1945 deosque
511 1890 673 1944 parant
695 1882 893 1937 comites,
917 1880 1159 1938 pelagoque
1182 1889 1377 1919 remenso

93 1965 121 1986 ‘⁴
137 1961 373 2021 Improvisi
394 1961 594 2003 aderunt.
659 1957 736 1999 Ita
758 1953 917 2011 digerit
940 1951 1087 1995 omina
1110 1948 1308 1994 Calchas.

94 2036 122 2057 ‘³
138 2035 268 2078 Hanc
293 2047 369 2090 pro
391 2028 606 2084 Palladio,
631 2025 803 2081 moniti,
828 2038 905 2081 pro
926 2021 1107 2066 numine
1128 2020 1246 2063 laeso

95 2107 123 2129 “
142 2105 349 2162 Effigiem
372 2106 578 2156 statuere,
601 2098 723 2142 nefas
745 2110 859 2153 quae
880 2095 1008 2137 triste
1030 2093 1186 2150 piaret.

98 2179 123 2199 ‘⁶
143 2177 272 2220 Hane
295 2180 447 2218 tamen
467 2171 731 2214 immensam
754 2166 941 2212 Calchas
964 2164 1166 2207 attollere
1187 2161 1348 2204 molem
1442 2157 1529 2200 185

99 2249 125 2270 ¹‘
141 2245 387 2290 Roboribus
409 2241 544 2285 textis
566 2239 769 2294 coeloque
792 2237 972 2279 educere
989 2233 1137 2291 jussit,

99 2319 126 2340 ‘⁴
145 2318 213 2361 Ne
236 2315 370 2372 recipi
387 2312 524 2370 portis
549 2315 629 2353 aut
651 2308 755 2351 duci
777 2307 824 2349 in
845 2305 1018 2348 moenia
1040 2301 1194 2360 possit,

100 2390 128 2411 (ζ
146 2389 247 2432 Neu
269 2385 483 2444 populum
505 2380 692 2436 antiqua
715 2378 796 2421 sub
814 2375 1018 2432 religione
1040 2372 1169 2416 tueri.

102 2460 127 2481 ‘⁶
147 2459 266 2502 Nam
289 2457 326 2500 si
347 2461 491 2498 vestra
514 2466 672 2495 manus
693 2448 899 2491 violasset
921 2446 1036 2488 dona
1058 2442 1280 2485 Minervae
1298 2454 1309 2494 ;

102 2531 129 2552 ‘⁶
150 2530 269 2572 Tum
287 2539 500 2583 magnum
522 2518 851 2575 exitium-quod
873 2517 918 2559 di
933 2515 1053 2572 prius
1071 2527 1199 2557 omen
1213 2512 1259 2554 in
1276 2511 1424 2567 ipsum
1447 2509 1534 2552 190

104 2601 130 2622 ·‘
151 2600 423 2645 Convertant
439 2599 474 2640 1-
507 2591 674 2637 Priami
695 2588 877 2646 imperio
899 2584 1236 2642 Phrygibusque
1258 2581 1487 2623 futurum:
