1731 2923
603 160 832 191 AENEIDos
864 161 952 192 ΜΒ.
987 161 1015 192 1.
1512 153 1540 197 9

103 270 147 314 N
151 284 197 314 ec
221 269 342 327 prius
364 269 555 326 absistit,
579 284 715 327 quam
737 274 908 326 septem
929 268 1128 326 ingentia
1149 269 1289 313 vietor

106 341 299 399 Corpora
320 341 482 385 fundat
504 341 631 385 humi
653 347 698 384 et
714 355 949 384 numerum
971 355 1074 383 cum
1096 341 1282 384 navibus
1305 346 1477 398 aequet.

106 413 225 456 Hinc
248 418 429 470 portum
450 413 580 471 petit,
606 417 651 456 et
674 412 809 456 socios
832 411 1026 469 partitur
1046 412 1094 454 in
1115 427 1277 456 omnes.

102 483 221 527 Vina
241 485 382 528 bonus
404 499 517 541 quae
540 484 696 527 deinde
719 484 840 527 cadis
861 488 1062 526 onerarat
1083 483 1268 526 Acestes
1453 485 1539 528 195

101 553 250 598 Litore
275 555 500 598 Trinacrio
521 555 788 611 dederatque
811 554 1077 597 abeuntibus
1097 554 1236 610 heros,

103 625 289 682 Dividit,
315 631 360 669 et
382 626 514 669 dictis
535 626 778 669 maerentia
798 631 977 682 pectora
1000 626 1166 668 mulcet
1190 640 1199 670 ;

103 695 130 718 “
149 695 186 740 Ο
213 697 480 754 socii-neque
503 697 620 740 enim
641 697 782 754 ignari
805 712 957 740 sumus
980 703 1084 740 ante
1105 698 1356 752 malorum-,

102 767 131 788 ‘⁶
146 768 183 812 O
208 768 326 825 passi
347 768 559 825 graviora,
583 768 708 811 dabit
724 768 830 811 deus
851 768 921 811 his
944 782 1116 824 quoque
1137 768 1284 812 finem.

101 838 129 860 “
148 838 240 882 Vos
262 845 307 882 et
332 840 576 895 Scyllaeam
597 839 763 882 rabiem
784 840 1049 896 penitusque
1072 846 1276 883 sonantes
1448 841 1538 882 200

101 909 129 930 ‘⁶
146 909 347 953 Accestis
370 910 584 966 scopulos,
608 925 685 952 vos
707 915 751 952 et
777 910 986 967 Cyclopia
1008 925 1115 953 saxa

101 981 128 1002 “
145 981 342 1038 Experti.
408 981 628 1024 Revocate
651 981 834 1037 animos,
858 986 1169 1038 maestumque
1194 982 1398 1024 timorem

101 1051 128 1072 “
148 1051 320 1095 Mittite
340 1067 349 1096 z
384 1052 529 1095 forsan
551 1056 597 1095 et
618 1051 726 1094 haec
744 1051 852 1094 olim
876 1051 1126 1094 meminisse
1143 1050 1335 1107 juvabit.

102 1123 128 1143 ‘⁴
148 1123 233 1166 Per
254 1123 393 1167 varios
411 1138 551 1180 casus,
577 1138 655 1180 per
676 1128 745 1166 tot
767 1122 1020 1166 discrimina
1041 1136 1187 1165 rerum

102 1195 131 1216 ‘⁶
151 1196 392 1239 Tendimus
416 1195 462 1238 in
482 1195 680 1252 Latium,
706 1196 827 1239 sedes
841 1195 918 1238 ubi
938 1195 1031 1238 fata
1053 1195 1226 1251 quietas
1450 1194 1538 1238 205

102 1266 129 1288 ‘⁴
146 1256 400 1311 Ostendunt
423 1281 434 1312 :
468 1268 557 1311 illic
579 1268 646 1311 fas
668 1282 800 1325 regna
823 1281 1045 1324 resurgere
1069 1266 1234 1323 Trojae.

102 1338 131 1359 ‘⁶
152 1338 340 1396 Durate,
360 1343 406 1382 et
428 1344 598 1382 vosmet
620 1339 748 1382 rebus
771 1344 939 1382 servate
961 1338 1204 1381 secundis.’'

101 1410 230 1453 Talia
251 1425 356 1453 voce
379 1410 509 1453 refert
531 1424 543 1465 3
577 1410 777 1466 curisque
800 1409 1057 1467 ingentibus
1079 1423 1207 1466 aeger

103 1481 236 1539 Spem
256 1481 386 1524 vultu
410 1481 605 1536 simulat,
630 1481 792 1538 premit
809 1481 954 1523 altum
976 1481 1100 1523 corde
1122 1480 1325 1523 dolorem.

101 1553 176 1595 Illi
197 1567 240 1596 se
258 1553 445 1610 praedae
467 1552 706 1608 accingunt
728 1551 1004 1608 dapibusque
1026 1551 1189 1593 futuris
1210 1564 1220 1594 :
1451 1550 1538 1592 210

104 1624 294 1682 Tergora
316 1623 542 1680 deripiunt
565 1622 694 1666 costis
718 1627 763 1665 et
787 1622 950 1665 viscera
971 1623 1144 1664 nudant
1161 1635 1173 1676 3

104 1696 212 1738 Pars
234 1695 281 1737 in
302 1695 442 1737 frusta
464 1699 613 1737 secant
635 1693 896 1749 veribusque
919 1693 1155 1736 trementia
1175 1693 1342 1749 figunt3

101 1766 249 1809 Litore
273 1770 388 1808 aena
409 1765 558 1808 locant
580 1764 656 1807 alii
676 1764 964 1820 flammasque
985 1763 1255 1808 ministrant.

105 1837 225 1879 Tum
246 1836 371 1879 victu
393 1841 600 1879 revocant
616 1835 743 1891 vires,
765 1835 938 1891 fusique
960 1849 1037 1891 per
1056 1834 1238 1877 herbam

103 1907 360 1964 Implentur
375 1907 534 1950 veteris
558 1906 723 1949 Bacchi
745 1906 1010 1963 pinguisque
1032 1905 1205 1949 ferinae.
1450 1905 1538 1948 215

104 1978 350 2035 Postquam
372 1983 549 2021 exemta
568 1977 707 2020 fames
729 1977 884 2034 epulis,
908 1991 1174 2033 mensaeque
1197 1980 1391 2019 remotae
1407 1989 1419 2030 ;

104 2049 302 2093 Amissos
324 2049 453 2105 longo
475 2049 609 2091 socios
626 2062 821 2091 sermone
843 2048 1086 2104 requirunt,

106 2120 326 2177 Spemque
349 2124 606 2175 metumque
628 2119 747 2162 inter
769 2119 904 2175 dubii,
925 2133 1002 2162 seu
1022 2118 1164 2161 vivere
1187 2118 1382 2172 credant,

106 2191 206 2235 Sive
229 2195 427 2233 extrema
449 2190 545 2247 pati
564 2204 645 2232 nec
661 2189 757 2246 jam
778 2189 985 2232 exaudire
1006 2195 1194 2233 vocatos.

106 2261 345 2318 Praecipue
367 2261 466 2318 pius
488 2260 662 2303 Aeneas
683 2275 800 2303 nunc
823 2260 934 2303 acris
960 2259 1130 2315 Oronti,
1451 2258 1540 2301 220

106 2334 236 2377 Nunc
259 2333 422 2389 Amyci
444 2347 596 2375 casum
618 2331 756 2389 gemit
778 2337 823 2375 et
845 2331 1039 2374 crudelia
1061 2345 1210 2373 secum

106 2405 222 2447 Fata
244 2404 367 2461 Lyci,
391 2404 639 2460 fortemque
663 2402 808 2459 Gyan,
831 2402 1078 2458 fortemque
1104 2401 1387 2446 Cloanthum.
1429 2430 1457 2456 »ἢ

195 2476 258 2520 Et
275 2476 372 2533 jam
393 2476 495 2518 finis
518 2480 625 2530 erat,
650 2488 790 2531 quum
811 2473 1006 2530 Jupiter,
1030 2472 1204 2515 aethere
1227 2486 1398 2515 summo

108 2547 362 2604 Despiciens
384 2560 504 2589 mare
526 2545 761 2588 velivolum
783 2549 1005 2600 terrasque
1021 2542 1219 2599 jacentes

109 2616 346 2674 Litoraque
368 2622 413 2660 et
430 2617 545 2660 latos
566 2616 765 2675 populos,
790 2614 848 2658 sic
871 2614 1032 2657 vertice
1054 2613 1162 2657 coeli
1451 2613 1539 2657 225

338 2684 387 2724 με
