1757 2916
60 204 62 206 v
123 146 182 190 90
614 154 844 186 AEN131Dos
878 154 964 185 Lm.
1003 154 1064 185 1v.

82 304 85 307 .
125 265 154 287 “
170 265 274 309 Non
295 264 424 322 potui
438 264 681 321 ,abreptum
703 263 905 306 divellere
928 277 1084 319 corpus
1106 266 1151 305 et
1172 260 1304 304 undis
1479 259 1566 302 600

127 336 155 357 “
177 336 388 393 Spargere
405 332 438 380 Pv
462 350 549 378 non
573 335 719 389 socios,
744 349 830 376 non
852 334 999 390 ipsum
1022 334 1247 376 absumere
1268 331 1382 374 ferro

126 407 153 428 ‘⁶
174 407 436 462 Ascanium,
462 405 708 462 patriisque
733 405 1005 461 epulandum
1028 418 1184 460 ponere
1207 403 1369 445 mensis
1390 403 1475 445 P—

127 478 154 499 “
174 478 342 520 Verum
365 492 527 533 anceps
551 490 725 533 pugnae
747 476 890 517 fuerat
913 474 1369 518 fortuna—Fuisset:

129 548 156 569 “
176 549 318 602 Quem
341 547 482 589 metui
506 547 716 588 moritura
733 546 754 588 Ρ
821 545 960 587 Faces
983 545 1028 587 in
1051 550 1193 587 castra
1215 544 1432 598 tulissem,

130 620 156 640 ‘⁶
178 620 523 676 Implessemque
545 619 657 659 foros
679 616 884 671 flammis,
908 621 1152 670 natumque
1175 621 1432 671 patremque
1481 614 1567 657 605

127 690 153 710 “
174 690 291 733 Cum
315 703 469 746 genere
491 688 755 742 exstinxem,
780 678 945 728 memet
970 700 1099 742 super
1119 686 1216 742 ipsa
1239 685 1533 728 dedissem.—

128 760 153 780 “
174 761 261 815 sol,
287 759 363 815 qui
387 765 602 801 terrarum
625 756 816 799 fiammis
838 771 970 813 opera
992 756 1138 800 onmia
1159 756 1341 810 lustras,

128 831 154 852 “
174 832 329 886 Tuque
351 825 511 872 harum'
530 829 741 885 interpres
765 842 970 870 curarum
993 833 1037 870 et
1059 827 1230 870 conscia
1252 827 1387 883 June,

128 902 154 922 ‘⁶
175 900 505 957 Nocturnisque
530 899 702 943 Hecate
726 898 866 942 triviis
888 899 1062 941 ululata
1083 913 1160 956 per
1183 899 1325 954 urbes,

129 974 154 994 “
174 974 236 1016 Et
260 973 392 1016 Dirae
414 972 606 1027 ultrices,
631 976 676 1013 et
699 971 745 1013 di
768 969 996 1013 morientis
1018 969 1203 1025 Elissae,
1482 968 1570 1011 610

130 1046 156 1066 ‘⁶
173 1045 379 1101 Accipite
401 1044 522 1098 haec,
548 1043 847 1098 meritumque
871 1041 998 1084 malis
1020 1041 1239 1084 advertite
1263 1053 1443 1095 numen,

132 1116 157 1136 ‘⁴
177 1117 239 1159 Et
262 1120 434 1158 nostras
456 1114 607 1157 audite
630 1128 789 1170 preces.
857 1112 904 1156 Si
927 1117 1106 1170 tangere
1129 1117 1283 1169 portus

132 1186 416 1229 “Infandum
439 1190 574 1242 caput
596 1200 646 1227 ac
670 1184 797 1227 terris
819 1185 983 1227 adnare
1006 1198 1180 1226 necesse
1203 1188 1283 1237 est,

133 1258 161 1279 “
181 1258 243 1300 Et
266 1257 326 1300 sie
347 1258 440 1301 fata
461 1256 586 1300 Jovis
609 1261 810 1313 poscunt,
833 1256 904 1298 hie
926 1255 1144 1298 terminus
1166 1255 1315 1297 haeret
1335 1269 1344 1299 :

132 1328 163 1349 ‘⁶
178 1328 244 1371 At
266 1329 380 1371 bello
402 1327 581 1371 audacis
603 1327 755 1384 populi
776 1332 964 1369 vexatus
987 1333 1032 1369 et
1055 1326 1204 1382 armis,
1484 1325 1571 1368 615

133 1399 161 1421 “
181 1388 367 1442 Finibus
391 1398 587 1455 extorris,
611 1398 846 1454 complexu
867 1397 1047 1440 avulsus
1071 1397 1174 1452 Iuli,

134 1471 161 1491 ‘⁶
182 1470 415 1513 Auxilium
437 1470 655 1525 imploret,
679 1469 914 1524 videatque
937 1468 1119 1524 indigna
1142 1482 1318 1510 suorum

114 1535 161 1562 '“
180 1542 372 1596 Funera,
397 1529 491 1595 nec,
517 1554 655 1595 quum
679 1553 722 1582 se
746 1539 825 1581 sub
847 1539 965 1595 leges
988 1538 1109 1594 pacis
1130 1537 1310 1593 iniquae

134 1613 160 1634 “
177 1612 441 1668 Tradiderit,
467 1626 598 1668 regno
621 1615 700 1653 aut
724 1615 880 1666 optata
902 1611 999 1653 luce
1021 1610 1210 1665 fruatur,

134 1684 159 1704 ‘⁶
181 1684 267 1728 sed
288 1684 420 1726 eadat
442 1687 546 1726 ante
568 1682 686 1725 diem
708 1682 940 1738 mediaque
961 1681 1223 1724 inhumatus
1245 1695 1388 1724 arena.
1486 1679 1573 1723 620

135 1754 161 1775 ‘⁴
176 1754 302 1807 >Haec
324 1768 487 1810 precor,
503 1753 616 1795 hanc
638 1767 788 1795 vocem
808 1757 1053 1795 extremam
1071 1766 1173 1794 eum
1192 1750 1405 1806 sanguine
1423 1750 1572 1793 fundo.

135 1826 161 1846 ‘⁴
182 1825 300 1867 Tum
322 1839 411 1879 vos,
436 1838 460 1866 0
484 1823 619 1879 Tyrii,
646 1822 829 1879 stirpem
852 1828 896 1864 et
918 1837 1056 1879 genus
1079 1837 1207 1864 omne
1229 1822 1434 1864 futurum

136 1897 162 1918 “
181 1897 396 1939 Exercete
418 1894 544 1950 odiis,
567 1894 787 1950 cinerique
808 1893 916 1936 haec
939 1892 1110 1935 mittite
1133 1898 1279 1935 nostro

137 1968 163 1988 “
182 1967 380 2010 Munera.
445 1965 609 2007 Nullus
632 1979 752 2007 amor
773 1963 961 2021 populis,
987 1978 1065 2006 nec
1089 1964 1262 2006 foedera
1284 1969 1427 2009 sunto,

137 2040 165 2061 “
191 2038 403 2081 Exoriare
427 2037 584 2093 aliquis
608 2036 766 2079 nostris
789 2051 844 2078 ex
866 2037 1032 2079 ossibus
1055 2036 1185 2092 ultor,
1486 2036 1573 2079 625

138 2111 165 2133 “
185 2110 272 2164 Qui
294 2110 388 2152 face
413 2108 658 2151 Dardanios
681 2109 875 2163 ferroque
900 2122 1078 2163 sequare
1103 2108 1288 2163 00101105,

137 2182 165 2204 “
185 2182 226 2224 N
232 2196 331 2236 unc,
355 2180 472 2235 011111,
497 2193 773 2235 quocumque
797 2179 968 2221 dabunt
992 2193 1036 2221 se
1058 2183 1255 2236 tempore
1278 2178 1401 2222 vires.

138 2253 164 2275 ‘⁶
182 2253 333 2295 Litora
354 2251 554 2293 litoribus
577 2250 804 2305 contraria,
830 2250 1038 2292 fluetibus
1060 2251 1202 2292 undas

139 2326 164 2346 ‘⁴
190 2325 426 2380 Imprecor,
446 2336 566 2364 arma
588 2321 718 2364 armis
739 2335 750 2375 3
785 2327 985 2377 pugnent
1007 2322 1176 2377 ipsique
1200 2325 1469 2377 nepotesque
1493 2321 1542 2365 !”

143 2397 267 2440 Haec
291 2395 368 2451 ait,
392 2400 437 2437 ct
460 2399 606 2451 partes
629 2393 828 2437 animum
850 2394 1053 2435 versabat
1076 2394 1121 2435 in
1144 2408 1305 2448 omnes,
1484 2393 1572 2435 630

139 2469 332 2512 Invisam
354 2480 567 2524 quaerens
588 2480 722 2522 quam
743 2465 936 2522 primum
959 2466 1215 2522 abrumpere
1237 2466 1394 2511 lucem.
1531 2453 1534 2456 ‚

140 2541 259 2584 Tum
280 2539 470 2583 breviter
493 2538 663 2581 Barcen
685 2537 903 2580 nutricem
926 2536 1062 2579 affata
1087 2536 1298 2593 Sychaei:

141 2612 347 2668 Namque
370 2624 497 2654 suam
521 2608 664 2667 patria
686 2608 871 2665 antiqua
893 2608 1002 2652 cinis
1024 2613 1119 2651 ater
1139 2608 1332 2651 habebat
1351 2623 1360 2652 :
