1757 2916
177 112 237 159 74
660 128 894 159 AENEmos
926 129 1014 161 Lm.
1048 129 1110 161 1v.

177 234 399 292 Principio
420 236 604 279 delubra
626 238 805 294 adeunt,
830 252 1072 295 pacemque
1094 252 1171 295 per
1192 252 1290 281 aras

176 306 432 362 Exquirunt
450 322 460 361 ;
494 313 694 351 mactant
716 309 854 352 lectas
877 310 930 352 de
953 323 1070 352 more
1093 309 1297 352 bidentes

176 375 399 433 Legiferae
424 379 566 421 Cereri
589 379 851 435 Phoeboque
874 380 1076 436 patrique
1099 380 1258 436 Lyaeo,

177 447 346 490 Junoni
368 455 470 492 ante
493 465 654 506 omncs,
679 451 751 492 cui
772 451 917 493 vinela
934 450 1107 507 jugalia
1129 465 1272 494 curae.

176 519 280 575 Ipsa
301 524 456 563 tenens
478 521 635 563 dextra
658 526 860 577 pateram
883 521 1179 577 pulcherrima
1202 521 1318 564 Dido

178 589 417 633 Candentis
440 606 596 633 vaceae
618 592 762 633 media
783 591 898 633 inter
921 606 1081 633 cornua
1104 591 1267 646 fundit,

177 660 272 703 Aut
295 667 400 703 ante
423 676 495 703 ora
517 663 650 704 deum
671 662 855 718 pingues
878 662 1098 718 spatiatur
1120 662 1176 704 ad
1198 676 1310 716 aras,

177 731 493 787 Instauratque
516 732 635 774 diem
656 732 793 788 donis,
818 733 1127 788 pecudumque
1149 731 1329 774 reclusis

177 803 434 846 Pectoribus
456 803 630 846 inhians
653 803 866 860 spirantia
890 803 1077 847 consulit
1100 808 1217 846 exta.

176 875 279 918 Heu
301 881 458 918 vatum
479 875 654 933 ignarae
676 880 875 922 mentes!
911 876 1017 933 quid
1038 881 1141 919 vota
1163 876 1397 930 furentem,

178 947 294 1001 Quid
316 947 497 989 delubra
513 946 710 1003 juvant?
776 947 860 991 Est
882 947 1025 991 mollis
1046 947 1229 989 flamma
1250 944 1468 988 medullas

176 1018 367 1074 Interea,
393 1024 437 1061 et
459 1019 652 1061 tacitum
672 1019 783 1061 vivit
806 1020 888 1062 sub
909 1024 1084 1076 pectore
1106 1019 1278 1062 vulnus.

179 1089 338 1132 Uritur
358 1089 512 1132 infelix
535 1090 652 1132 Dido
675 1095 856 1147 totaque
879 1096 1068 1147 vagatur

180 1159 301 1203 Urbe
323 1161 483 1216 furens,
509 1162 650 1217 qualis
674 1162 872 1218 conjecta
894 1176 1017 1204 cerva
1041 1161 1219 1218 sagitta,

180 1231 323 1284 Quam
344 1233 493 1288 procul
514 1232 742 1275 incautam
765 1248 940 1276 nemora
961 1233 1076 1275 inter
1099 1232 1250 1276 Cresia
1271 1232 1370 1274 fixit

181 1301 335 1344 Pastor
357 1317 489 1359 agens
506 1303 618 1359 telis,
642 1304 862 1360 liquitque
885 1304 1064 1346 volatile
1085 1304 1250 1359 serrum

180 1371 390 1427 Nescius3
424 1373 499 1415 illa
520 1374 625 1430 fuga
648 1374 779 1416 silvas
801 1375 1027 1431 saltusque
1050 1379 1254 1431 peragrat

180 1443 401 1498 Dictaeos,
426 1444 574 1487 haeret
597 1445 725 1487 lateri
746 1445 889 1487 letalis
912 1446 1092 1489 arundo.

180 1513 310 1557 Nune
334 1515 480 1557 media
501 1515 683 1558 Aenean
709 1531 856 1559 seeum
878 1531 957 1573 per
976 1516 1149 1559 moenia
1171 1515 1311 1571 ducit,

180 1585 463 1642 Sidoniasque
486 1592 682 1630 ostentat
705 1602 806 1644 opes
828 1588 1070 1644 urbemque
1091 1575 1322 1644 paratam,-

178 1656 345 1713 Incipit
369 1656 489 1700 effari
511 1646 742 1715 mediaque
763 1659 809 1701 in
831 1673 936 1701 voce
959 1657 1124 1701 resistit
1142 1671 1154 1712 3

177 1727 309 1770 Nunc
333 1728 487 1770 eadem
508 1729 684 1772 labente
707 1730 775 1773 die
799 1730 995 1773 convivia
1018 1728 1207 1786 quaerit,

178 1798 426 1854 Iliacosque
448 1799 611 1841 iterum
632 1801 813 1844 demens
836 1801 986 1843 audire
1008 1801 1177 1843 labores

177 1869 405 1926 Exposeit,
430 1871 681 1926 pendetque
702 1872 866 1913 iterum
889 1871 1106 1913 narrantis
1129 1871 1190 1929 ab,
1207 1884 1290 1913 ore.

179 1939 301 1995 Post,
325 1940 404 1982 ubi
426 1940 619 1997 digressi,
643 1941 881 1997 lumenque
903 1942 1084 1983 obscura
1105 1940 1297 1983 vicissim

178 2009 307 2052 Luna
329 2010 491 2066 premit
513 2011 789 2067 suadentque
811 2012 1014 2054 cadentia
1037 2011 1177 2054 sidera
1200 2025 1385 2065 somnos,

181 2079 282 2123 Sola
304 2081 432 2123 domo
454 2087 618 2123 maeret
640 2096 793 2138 vacua,
819 2082 1056 2138 stratisque
1079 2081 1240 2124 relictis

179 2151 382 2194 Incubat.
447 2151 583 2193 Illum
605 2152 761 2195 absens
783 2152 1009 2195 absentem
1033 2152 1247 2208 auditque
1269 2151 1501 2208 videtque;

179 2223 275 2265 Aut
299 2223 461 2280 gremio
483 2222 740 2280 Ascanium,
765 2224 971 2280 genitoris
993 2224 1185 2281 imagine
1208 2228 1356 2279 capta,

181 2294 387 2348 Detinet,
412 2294 644 2337 infandum
666 2295 702 2338 si
723 2295 870 2337 fallere
894 2296 1030 2352 possit
1054 2308 1260 2338 amorem.

180 2364 282 2406 Non
305 2369 488 2421 coeptae
511 2370 748 2422 assurgunt
772 2371 930 2420 turres,
955 2381 1042 2408 non
1064 2379 1186 2407 arma
1203 2364 1418 2421 juventus

180 2435 382 2491 Exercet,
407 2440 612 2495 portusve
635 2443 714 2478 aut
737 2437 1067 2493 propugnacula
1088 2436 1202 2478 bello

181 2506 304 2549 Tuta
326 2512 483 2563 parant
499 2521 510 2562 3
544 2508 738 2564 pendent
760 2522 890 2564 opera
911 2508 1162 2565 interrupta
1184 2506 1416 2562 minaeque

183 2576 411 2622 Murorum
434 2578 635 2634 ingentes
658 2584 932 2635 aequataque
955 2578 1159 2621 maehina
1180 2576 1310 2620 coelo.

1555 875 1611 919 65

1555 1229 1615 1275 70

1555 1582 1615 1631 '75

1555 1940 1615 1984 80
