1741 2902
542 152 772 184 AENEIDos
803 153 891 183 ΜΒ.
926 152 1025 186 v111.
1421 138 1507 181 189

79 262 108 285 ‘⁶
127 261 213 306 Ter
233 263 322 306 leto
345 263 602 307 sternendus
624 266 716 304 erat
736 275 747 315 ;
782 260 854 303 cui
875 265 981 302 tunc
1004 263 1154 301 tamen
1177 271 1327 300 omnes

80 332 326 377 “Abstulit
348 333 454 376 haec
471 333 641 375 animas
663 333 817 374 dextra
840 336 884 373 et
907 330 1093 373 totidem
1116 328 1239 371 exuit
1264 327 1438 370 armis-2

79 403 107 424 ‘⁴
123 403 225 446 Non
248 419 326 460 ego
348 418 465 446 nunc
487 403 606 445 dulci
628 403 834 459 amplexu
855 401 1078 444 divellerer
1099 413 1302 454 usquam,

78 473 106 494 ‘⁶
122 474 254 529 Nate,
280 479 369 529 tuo,
393 488 532 529 neque
553 473 743 515 finitimo
767 471 1013 514 Mezentius
1036 484 1250 525 umquam

78 543 105 565 “
126 543 243 586 Huic
267 543 404 600 capiti
424 544 656 598 insultans,
681 548 749 585 tot
771 543 880 585 ferro
903 556 1029 584 saeva
1051 541 1241 583 dedisse-t
1419 536 1506 582 570

78 614 104 635 “
123 615 312 670 Funera,
336 620 430 657 tam
451 614 604 657 multis
627 614 851 656 viduasset
876 613 1042 655 civibus
1066 612 1232 654 urbem.

77 685 107 706 ‘⁶
125 685 191 728 At
212 701 300 741 vos,
325 701 348 728 o
371 685 527 742 superi,
551 691 596 727 et
618 685 770 727 clivum
792 690 844 726 tu
866 684 1056 726 maxime
1080 687 1217 725 rector

79 756 107 778 ‘⁴
123 756 318 813 Jupiter,
343 756 524 799 Arcadii
546 770 704 812 quaeso
727 755 989 798 miserescite
1013 754 1142 810 regis,

77 826 105 847 ‘⁶
124 827 186 869 Et
210 828 375 884 patrias
397 827 547 870 audite
570 841 719 883 preces
738 842 747 870 :
785 827 831 870 Si
853 826 1038 868 numina
1061 830 1206 867 vestra

76 897 105 919 ‘⁴
121 899 396 941 Incolumem
419 898 626 940 Pallanta
647 897 770 952 mihi,
797 897 833 939 si
853 897 948 939 fata
973 900 1212 950 reservant,
1419 891 1505 938 575

76 969 104 991 ‘⁶
124 971 171 1014 Si
192 970 362 1013 visurus
386 984 488 1012 eum
508 969 605 1011 vivo
628 973 672 1011 et
696 973 909 1010 venturus
931 967 977 1009 in
998 981 1139 1009 unum
1159 980 1169 1010 ε

75 1040 103 1061 “
119 1040 275 1083 Vitam
297 1055 382 1096 oro,
406 1039 547 1096 patior
569 1039 768 1094 quemvis
790 1038 944 1080 durare
966 1037 1159 1079 laborem
1177 1050 1188 1090 ;

74 1110 102 1131 ‘⁶
120 1110 196 1154 Sin
219 1110 413 1166 aliquem
434 1109 667 1152 infandum
689 1122 852 1163 casum,
876 1107 1087 1162 Fortuna,
1106 1105 1311 1148 minaris:

76 1181 104 1202 ‘⁴
119 1181 264 1237 Nunc,
289 1196 405 1224 nunc
428 1195 452 1222 o
475 1181 605 1223 liceat
629 1180 849 1222 crudelem
871 1179 1126 1234 abrumpere
1149 1177 1305 1227 vitam,
1351 1202 1358 1208 -

76 1253 103 1274 ‘⁴
122 1254 244 1296 Dum
267 1268 393 1296 curae
416 1253 661 1309 ambiguae,
686 1252 793 1294 dum
816 1265 912 1307 spes
934 1250 1102 1292 incerta
1123 1247 1278 1303 futuri,
1415 1248 1504 1291 580

75 1323 103 1345 ‘⁶
123 1324 244 1366 Dum
265 1329 324 1379 te,
348 1339 445 1367 care
468 1338 589 1380 puer,
614 1337 712 1364 mea
734 1322 823 1364 sola
846 1326 890 1363 ct
913 1335 1005 1363 sera
1026 1320 1245 1376 voluptas,

73 1395 102 1416 “
123 1388 389 1451 Complexus
411 1400 537 1437 teneo
554 1407 565 1449 ;
600 1393 769 1450 gravior
790 1407 875 1435 neu
898 1392 1082 1434 nuntius
1104 1406 1229 1433 aures

73 1465 101 1486 ‘⁴
119 1465 376 1509 Vulneret.”
440 1465 561 1507 Haec
585 1465 754 1521 genitor
774 1463 973 1520 digressu
995 1462 1114 1505 dicta
1137 1476 1339 1518 supremo

73 1535 307 1578 Fundebat
323 1549 334 1590 3
368 1535 525 1577 famuli
547 1535 789 1590 collapsum
811 1534 858 1575 in
881 1538 1000 1575 tecta
1020 1533 1231 1576 serebant.

70 1606 266 1662 Jamque
290 1607 397 1648 adeo
420 1605 587 1647 exierat
610 1604 748 1660 portis
769 1603 996 1659 equitatus
1019 1602 1198 1658 apertis,
1413 1603 1502 1645 585

74 1675 248 1719 Aeneas
270 1676 387 1719 inter
407 1675 568 1733 primos
591 1680 635 1717 et
657 1675 771 1717 fidus
793 1673 1002 1729 Achates,

73 1747 184 1789 Inde
207 1747 282 1789 alii
305 1746 459 1802 Trojae
482 1759 702 1802 proceres;
736 1745 828 1801 ipse
851 1744 1024 1800 agmine
1047 1743 1195 1786 Pallas

70 1817 128 1859 In
149 1817 307 1872 medio,
331 1816 560 1872 chlamyde
581 1819 625 1857 et
648 1815 778 1872 pictis
800 1819 1057 1870 conspectus
1078 1814 1125 1856 in
1146 1813 1300 1857 armis:

72 1888 224 1941 Qualis
246 1887 325 1930 ubi
348 1887 512 1931 Oceani
534 1886 733 1944 perfusus
755 1885 928 1928 Lucifer
949 1885 1083 1941 unda,

72 1959 213 2012 Quem
235 1959 387 2001 Venus
409 1963 514 2001 ante
537 1957 643 2000 alios
665 1962 884 2000 astrorum
905 1955 1050 2012 diligit
1071 1955 1208 2012 ignes,
1409 1954 1498 1998 590

71 2030 253 2072 Extulit
276 2044 321 2072 os
344 2044 516 2072 sacrum
539 2028 655 2071 coelo
676 2027 966 2083 tenebrasque
987 2025 1175 2069 resolvit.

69 2102 201 2144 Stant
224 2100 409 2157 pavidae
430 2100 477 2142 in
497 2099 633 2142 muris
654 2103 831 2153 matres,
855 2096 1077 2152 oculisque
1100 2100 1349 2152 sequuntur

67 2171 329 2214 Pulveream
350 2171 514 2213 nubem
535 2174 580 2212 et
603 2169 822 2225 fulgentes
843 2182 940 2210 aere
962 2167 1168 2210 catervas.

67 2241 154 2285 Olli
175 2255 249 2297 per
271 2241 442 2295 dumos,
466 2254 553 2296 qua
574 2239 774 2295 proxima
795 2243 915 2279 meta
936 2237 1124 2292 viarum,
1163 2289 1166 2292 Ι

68 2311 244 2355 Armati
266 2311 457 2353 tendunt
474 2324 484 2364 3
518 2309 554 2351 it
577 2309 823 2362 clamorset
845 2306 1018 2363 agmine
1035 2306 1153 2348 facto
1409 2303 1497 2346 595

67 2382 437 2438 Quadrupedante
459 2385 634 2437 putrem
657 2378 804 2421 sonitu
826 2377 973 2433 quatit
995 2376 1162 2432 ungula
1185 2388 1402 2431 campum.

68 2453 149 2495 Est
171 2453 325 2509 ingens
348 2452 543 2509 gelidum
563 2451 688 2492 lucus
710 2462 843 2504 prope
868 2447 1052 2491 Caeritis
1074 2460 1264 2500 amnem,

70 2521 293 2579 Religione
314 2528 496 2578 patrum
516 2521 606 2562 late
629 2533 774 2573 sacer;
806 2518 1000 2573 undique
1023 2516 1151 2559 colles

71 2593 286 2636 Inclusere
308 2592 405 2636 cavi
422 2597 467 2634 et
489 2591 611 2648 nigra
633 2603 785 2632 nemus
807 2588 951 2631 abiete
973 2587 1170 2644 cingunt.
