1741 2902
646 160 874 191 AENfflDos
909 161 995 192 Lm.
1031 161 1093 192 1x.
1501 151 1588 193 203

162 271 314 328 Atque
336 270 535 313 animum
555 268 728 326 patriae
753 268 932 311 strinxit
956 268 1138 325 pietatis
1160 268 1316 325 imago.

160 342 277 384 Tum
301 341 360 385 sic
384 340 543 383 effatur
562 354 571 383 :

160 413 187 432 ‘⁶
207 413 379 469 Sponde
402 411 540 468 digna'
557 411 646 453 tuis
669 409 922 467 ingentibus
945 409 1090 453 omnia
1114 411 1309 467 coeptis:

160 482 186 502 ‘⁵
205 482 411 538 Namque
433 482 515 525 erit
537 481 622 524 ista
643 481 751 523 mihi
773 481 985 537 genetrix,
1010 496 1254 538 nomenque
1280 482 1467 525 Creusae

160 552 187 574 ‘⁴
209 553 361 597 Solum
382 553 582 608 defuerit,
607 566 686 594 nec
708 557 889 608 partum
911 553 1054 608 gratia
1078 553 1213 595 talem

157 622 186 645 “
206 624 348 666 Parva
370 629 533 668 manet.
599 623 736 666 Casus
758 623 930 665 factum
952 623 1218 679 quicumque
1242 630 1503 679 sequentum

156 692 185 716 “
205 694 291 736 Per
312 699 447 751 caput
466 694 546 736 hoc
564 693 676 749 juro,
701 708 788 768 pm}k
799 694 915 750 quod
938 699 1062 750 pater
1082 700 1186 737 ante
1209 695 1400 738 solebat:
1498 697 1585 737 300

155 764 186 787 “
206 766 326 819 Quae
350 766 431 808 tibi
452 765 655 822 polliceor
677 762 823 817 reduci
845 765 1057 821 rebusque
1083 766 1301 821 secundis,

155 835 184 858 ‘⁴
204 836 326 879 Haec
349 837 502 879 eadem
522 835 742 891 matrique
766 841 869 878 tuae
891 836 1123 892 generique
1144 837 1431 881 manebunt.'’

156 906 227 950 Sic
251 906 313 948 ait
335 906 602 948 illacrimans
619 920 630 959 ;
664 905 843 948 humero
867 907 1000 948 simul
1022 907 1144 949 exuit
1167 922 1314 950 ensem

155 977 394 1032 Auratum,
418 977 530 1018 mira
552 990 685 1032 quem
706 976 870 1018 fecerat
892 983 983 1019 arte
1006 977 1184 1033 Lycaon

153 1046 344 1090 Gnosius
362 1052 497 1102 atque
519 1046 713 1088 habilem
735 1046 894 1103 vagina
915 1051 1093 1103 aptarat
1117 1048 1293 1092 eburna.
1494 1050 1580 1093 305

153 1116 247 1159 Dat
269 1116 377 1159 Niso
402 1116 661 1159 Mnestheus
684 1117 845 1173 pellem
865 1116 1167 1173 horrentisque
1190 1118 1326 1161 leonis

153 1185 378 1246 Exuvias[;
413 1188 586 1244 galeam
608 1188 725 1231 fidus
748 1194 976 1245 permutat
999 1188 1165 1232 Aletes.

153 1258 370 1300 Protenus
393 1258 553 1301 armati
573 1257 810 1312 incedunt,
846 1273 952 1314 quos
975 1258 1114 1301 omnis
1138 1264 1293 1302 euntes

153 1328 400 1371 Primorum
421 1343 578 1372 manus
601 1329 657 1372 ad
679 1334 838 1386 portas,
858 1329 1162 1386 juvenumque
1186 1344 1445 1386 senumque,

150 1398 439 1455 Prosequitur
460 1399 584 1443 votis.
649 1399 743 1442 Nec
769 1415 857 1442 non
879 1405 923 1442 et
947 1400 1127 1456 pulcher
1149 1400 1292 1456 Iulus,
1492 1402 1580 1443 310

151 1475 272 1512 Ante
295 1484 431 1512 annos
454 1470 738 1526 animumque
761 1485 913 1526 gerens
937 1485 1171 1526 curamque
1194 1471 1377 1527 virilem,

151 1539 298 1581 Multa
319 1538 436 1595 patri
456 1540 667 1582 mandata
689 1540 826 1582 dabat
848 1541 1075 1595 portanda.
1142 1541 1226 1583 Sed
1248 1555 1378 1583 aurae

150 1610 311 1653 Omnia
332 1610 587 1666 discerpunt
609 1614 653 1652 et
678 1610 867 1652 nubibus
889 1610 1013 1653 irrita
1035 1611 1216 1656 donant.

239 1681 414 1737 Egressi
437 1686 646 1737 superant
666 1681 816 1736 fossas,
841 1681 1069 1738 noctisque
1093 1696 1169 1738 per
1190 1682 1394 1725 umbram

151 1751 307 1794 Castra
329 1751 506 1794 inimica
528 1755 704 1807 petunt,
729 1751 883 1793 multis
907 1756 1057 1794 tamen
1080 1757 1183 1794 ante
1204 1752 1347 1794 futuri
1490 1754 1579 1797 315

148 1821 310 1865 Exitio.
375 1822 549 1864 Passim
572 1836 720 1864 somno
742 1821 930 1878 vinoque
953 1836 1029 1879 per
1050 1823 1232 1865 herbam

150 1893 340 1950 Corpora
361 1893 460 1936 fusa
484 1893 648 1948 vident,
674 1899 861 1936 arrectos
883 1894 1009 1936 litore
1033 1909 1200 1948 currus,

149 1964 270 2006 Inter
290 1965 381 2007 lora
402 1969 607 2020 rotasque
630 1965 756 2020 viros,
783 1965 914 2007 simul
936 1980 1057 2007 arma
1075 1965 1232 2021 jacere,

147 2034 265 2077 Vina
288 2035 430 2079 simul.
495 2035 619 2078 Prior
642 2035 904 2091 Hyrtacides
927 2036 987 2078 sic
1009 2051 1079 2093 ore
1101 2036 1303 2079 locutus:

149 2105 177 2126 “
198 2105 402 2161 Euryale,
427 2106 681 2148 audendum
705 2107 886 2150 dextra:
922 2122 1038 2149 nunc
1061 2106 1159 2163 ipsa
1181 2112 1308 2149 vocat
1332 2121 1408 2149 res.
1489 2108 1577 2149 320

148 2175 176 2197 “
193 2175 290 2218 Hae
312 2175 397 2218 iter
417 2181 511 2220 est:
547 2182 611 2231 tu,
636 2191 689 2218 ne
712 2191 799 2231 qua
820 2191 978 2219 manus
1002 2191 1046 2219 se
1069 2178 1270 2219 attollere
1293 2176 1416 2219 nobis

149 2247 175 2267 ‘⁶
196 2246 240 2289 A
262 2252 385 2303 tergo
406 2246 558 2302 possit,
582 2247 753 2289 custodi
775 2252 819 2288 et
841 2247 1016 2289 consule
1037 2248 1163 2304 longe
1179 2261 1190 2301 3

147 2316 319 2359 “Haec
344 2330 423 2373 ego
445 2321 572 2358 vasta
595 2316 721 2371 dabo,
747 2321 791 2358 et
813 2316 904 2358 lato
928 2321 971 2358 te
992 2316 1136 2359 limite
1159 2317 1363 2358 ducam.''

149 2387 221 2431 Sic
244 2392 474 2441 memorat,
499 2400 735 2441 vocemque
758 2386 919 2442 premit
939 2400 948 2439 3
985 2386 1115 2428 simul
1139 2400 1239 2428 ense
1263 2386 1502 2443 superbum

147 2459 444 2501 Rhamnetem
466 2457 731 2514 aggreditur,
757 2457 832 2512 qui
854 2456 962 2499 forte
986 2457 1208 2512 tapetibus
1231 2457 1333 2500 altis
1485 2459 1573 2501 325

147 2513 423 2572 Exstruetus‘
438 2532 532 2570 toto
556 2527 772 2584 proflabat
795 2533 966 2583 pectore
991 2542 1206 2582 somnum,

147 2599 243 2642 Rex
266 2599 380 2642 idem
404 2605 448 2642 et
472 2599 563 2655 regi
588 2598 736 2640 Turno
758 2598 1034 2654 gratissimus
1058 2612 1223 2654 augum

1500 342 1555 385 {g

1561 344 1587 385 ¹251
