1731 2923
594 157 826 188 AENEIDOS
858 158 942 188 LIB.
978 158 1020 188 V.

88 268 236 321 Quum
257 267 366 312 levis
388 265 592 309 aetheriis
614 265 820 323 delapsus
846 266 1033 309 Somnus
1055 265 1111 308 ab
1134 266 1262 308 astris

86 338 208 380 Aera
230 338 416 381 dimovit
439 337 715 380 tenebrosum
737 342 782 380 et
804 336 990 393 dispulit
1013 337 1206 392 umbras,

89 409 166 465 Te,
192 409 414 465 Palinure,
438 415 606 466 petens,
632 409 715 451 tibi
738 409 905 452 somnia
927 408 1075 450 tristia
1097 414 1280 464 portans

88 481 261 523 Insonti
281 495 292 535 ;
326 481 553 537 puppique
576 482 682 523 deus
705 481 900 523 consedit
922 480 969 522 in
992 479 1097 535 alta,

87 551 332 594 Phorbanti
354 551 522 607 similis,
545 551 780 607 funditque
802 551 881 594 has
903 565 974 594 ore
996 551 1216 607 loquelas:

89 622 115 643 ‘⁶
135 622 280 665 Iaside
303 623 523 678 Palinure,
547 622 697 665 ferunt
719 622 814 678 ipsa
836 637 1025 678 aequora
1047 622 1246 677 classem,

91 693 118 713 ‘⁴
139 693 370 749 Aequatae
393 694 561 751 spirant
584 707 726 748 aurae,
751 694 884 735 datur
904 693 1011 735 liora
1032 692 1195 748 quieti:

88 762 118 784 “
138 764 259 807 Pone
282 770 432 821 caput,
456 765 675 820 fessosque
698 765 843 807 oculos
865 764 1010 806 furare
1032 764 1170 807 labori
1189 778 1201 818 3

88 834 115 855 ‘⁶
134 835 235 892 Ipse
257 850 335 891 ego
357 836 597 892 paullisper
618 851 694 892 pro
716 841 763 878 te
785 841 865 878 tua
886 851 1068 879 munera
1090 836 1248 879 inibo.''

93 905 179 949 Cui
200 907 275 949 vix
296 907 504 949 attollens
528 907 763 949 Palinurus
786 907 956 949 lumina
977 907 1096 949 fatur
1115 923 1123 950 :

88 976 115 996 ‘⁶
135 976 266 1019 Mene
289 977 389 1020 salis
412 977 574 1033 placidi
595 978 773 1019 vultum
794 977 1044 1032 fluctusque
1067 977 1238 1032 quietos

87 1045 115 1067 ‘⁶
133 1047 341 1104 Ignorare
357 1047 486 1103 jubes
502 1048 523 1090 ?
558 1061 685 1089 mene
707 1047 809 1089 huic
833 1047 1047 1089 confidere
1070 1052 1265 1089 monstro
1281 1048 1302 1090 P

91 1116 121 1139 ‘⁶
137 1117 320 1160 Aenean
343 1118 516 1160 credam
540 1117 649 1173 quid
671 1117 801 1172 enim,
824 1116 1057 1160 fallacibus
1079 1117 1196 1160 auris

86 1186 115 1208 “
132 1187 194 1229 Et
220 1187 325 1230 coeli
346 1187 481 1231 toties
502 1188 713 1243 deceptus
735 1187 887 1229 fraude
908 1187 1083 1231 sereni?
1100 1189 1126 1205 ”

87 1257 216 1300 Talia
238 1258 358 1300 dicta
380 1258 535 1313 dabat,
561 1258 821 1314 clavumque
844 1258 1004 1302 affixus
1027 1263 1071 1301 et
1093 1259 1275 1302 haerens

83 1326 323 1384 Nusquam
344 1328 597 1385 amittebat,
621 1329 852 1385 oculosque
875 1329 956 1371 sub
979 1334 1099 1371 astra
1122 1329 1313 1373 tenebat.

83 1394 198 1441 Ecce
219 1398 327 1441 deus
351 1413 525 1441 ramum
547 1398 744 1441 Lethaeo
767 1413 858 1441 rore
882 1399 1137 1442 madentem

85 1467 232 1525 Vique
255 1474 510 1526 soporatum
535 1469 692 1525 Stygia
714 1484 844 1526 super
863 1475 1051 1526 utraque
1074 1476 1256 1526 quassat

85 1538 316 1595 Tempora,
341 1538 662 1594 cunctantique
685 1539 889 1581 natantia
910 1539 1082 1581 lumina
1104 1540 1245 1584 solvit.

84 1609 176 1651 Vix
196 1609 359 1666 primos
381 1609 560 1665 inopina
582 1609 704 1664 quies
725 1609 950 1652 laxaverat
972 1614 1094 1652 artus
1112 1623 1123 1663 3

84 1680 147 1722 Et
171 1694 299 1736 super
319 1680 590 1735 incumbens,
615 1694 716 1722 cum
737 1679 899 1736 puppis
921 1685 1045 1736 parte
1067 1680 1239 1722 revulsa

88 1750 291 1806 Cumque
313 1750 590 1807 gubernaclo,
615 1750 804 1806 liquidas
829 1749 1011 1807 projecit
1034 1750 1082 1792 in
1103 1751 1244 1794 undas

86 1821 396 1878 Praecipitem,
420 1835 469 1864 ac
493 1821 626 1864 socios
649 1820 947 1876 nequidquam
970 1835 1098 1877 saepe
1120 1826 1362 1865 vocantem.

87 1892 188 1948 Ipse
209 1891 360 1934 volans
383 1896 537 1934 tenues
561 1906 604 1934 se
629 1891 811 1934 sustulit
833 1891 922 1934 ales
944 1892 1001 1934 ad
1023 1906 1162 1936 auras.

87 1962 237 2006 Currit
257 1962 343 2005 iter
363 1966 518 2005 tutum
540 1977 627 2005 non
648 1962 788 2005 secius
810 1976 994 2018 aequore
1017 1963 1180 2019 classis,

85 2034 404 2089 Promissisque
426 2033 565 2090 patris
587 2033 789 2091 Neptuni
810 2033 1012 2076 interrita
1032 2034 1182 2078 fertur.

83 2104 276 2161 Jamque
299 2106 405 2148 adeo
428 2104 626 2161 scopulos
652 2105 855 2148 Sirenum
875 2105 1059 2147 advecta
1081 2105 1274 2161 subibat,

86 2176 300 2219 Difficiles
323 2176 545 2232 quondam
568 2176 895 2230 multorumque
917 2176 1085 2218 ossibus
1108 2178 1249 2232 albos3

87 2247 204 2290 Tum
226 2261 358 2289 rauca
381 2246 564 2289 adsiduo
585 2246 711 2302 longe
734 2246 824 2288 sale
848 2260 953 2288 saxa
977 2247 1189 2288 sonabant
1211 2262 1219 2290 :

86 2317 236 2371 Quum
258 2322 386 2373 pater
406 2316 564 2358 amisso
586 2315 839 2357 fluitantem
861 2329 998 2357 errare
1021 2316 1230 2371 magistro

89 2389 255 2444 Sensit,
280 2394 324 2432 et
346 2389 439 2446 ipse
461 2393 603 2431 ratem
623 2387 849 2430 nocturnis
870 2387 983 2429 rexit
1004 2387 1051 2428 in
1070 2387 1214 2442 undis,

85 2459 236 2502 Multa
257 2473 449 2516 gemens,
473 2472 663 2514 casuque
685 2457 884 2499 animum
906 2471 1138 2499 concussus
1161 2456 1304 2500 amici.

87 2527 117 2550 ‘¹
138 2528 176 2573 O
201 2529 391 2571 nimium
412 2528 529 2572 coelo
552 2533 598 2571 et
619 2528 773 2585 pelago
797 2527 955 2570 confise
978 2541 1138 2583 sereno,

87 2599 116 2621 ‘⁶
133 2599 294 2643 Nudus
315 2599 362 2643 in
382 2599 550 2656 ignota,
575 2597 798 2655 Palinure,
817 2597 982 2655 Jacebis
1003 2599 1175 2642 arena.’'

1438 148 1520 189 119

1434 409 1521 451 840

1431 763 1518 807 845

1429 1118 1518 1161 850

1428 1472 1514 1516 855

1428 1823 1516 1866 860

1428 2178 1515 2219 865

1427 2524 1516 2572 870
