1778 2937
223 129 286 172 20
745 143 979 175 AENEmos
1012 145 1100 177 LIB.
1136 145 1164 177 1.

223 249 252 271 “
270 250 563 310 Virtutesque
586 253 786 310 virosque
809 260 888 298 aut
912 254 1028 297 tanti
1050 254 1252 298 incendia
1273 255 1378 297 belli
1398 255 1421 299 Ρ

224 320 252 342 “
270 321 374 365 Non
395 323 553 367 obtusa
575 325 683 368 adeo
704 330 930 382 gestamus
952 331 1130 382 pectora
1150 325 1300 382 Poeni,

223 393 250 414 ‘⁶
272 394 367 438 Nec
386 400 483 438 tam
504 411 680 439 aversus
698 412 832 453 equos
857 398 992 454 Tyria
1017 398 1091 442 sol
1107 397 1260 454 jungit
1278 398 1335 440 ab
1358 398 1476 442 urbe.

223 465 250 486 ‘⁶
272 466 360 510 Seu
383 482 456 510 vos
472 467 737 524 Hesperiam
759 483 970 525 magnam
996 469 1294 525 Saturniaque
1317 483 1436 525 arva,

222 536 250 558 ‘⁶
271 538 371 582 Sive
393 538 546 595 Erycis
568 539 675 582 fines
697 554 929 596 regemque
953 540 1118 597 optatis
1141 540 1352 595 Acesten,

222 608 249 630 “
265 609 448 652 Auxilio
471 615 592 653 tutos
615 610 842 653 dimittam
859 611 1104 668 opibusque
1122 610 1299 667 juvabo.

220 680 248 701 ‘⁶
264 680 417 724 Vultis
441 687 485 723 et
503 681 570 724 his
593 696 768 724 mecum
792 682 957 738 pariter
978 682 1199 725 considere
1224 681 1366 738 regnis
1390 695 1400 725 z

220 750 248 773 “
269 752 439 795 Urbem
463 767 599 809 quam
623 758 787 809 statuo,
812 758 957 796 vestra
980 758 1073 799 est:
1110 752 1344 796 subducite
1367 767 1500 796 naves
1521 767 1532 808 3

222 823 249 844 ‘⁶
268 823 376 866 Tros
401 823 648 881 Tyriusque
670 824 782 867 mihi
803 825 928 868 nullo
950 824 1202 868 discrimine
1225 829 1393 881 agetur.

219 893 414 952 “Atque
437 895 612 939 utinam
634 911 709 939 rex
732 896 825 954 ipse
849 897 969 941 Noto
991 898 1245 954 compulsus
1268 897 1421 939 eodem
1574 893 1663 940 575

220 963 248 986 “
267 965 636 1010 AfforeaAeneas
657 970 667 1012 Ξ
703 967 927 1024 Equidem
951 984 1030 1026 per
1051 968 1182 1012 litora
1204 973 1346 1011 certos

220 1035 247 1058 “
264 1037 510 1080 Dimittam
533 1043 577 1081 et
601 1038 770 1095 Libyae
791 1040 979 1084 lustrare
1002 1045 1200 1084 extrema
1217 1039 1398 1097 jubebo,

219 1108 247 1129 “
267 1108 313 1152 si
335 1109 495 1166 quibus
517 1109 685 1167 ejectus
708 1111 829 1155 silvis
852 1118 931 1155 aut
954 1113 1139 1156 urbibus
1162 1113 1320 1156 errat.''

218 1180 302 1224 His
324 1180 524 1224 animum
546 1183 707 1226 arrecti
728 1183 873 1240 dictis,
899 1190 944 1227 et
961 1184 1086 1228 fortis
1107 1184 1309 1227 Achates

218 1251 280 1294 Et
302 1258 430 1309 pater
451 1253 624 1296 Aeneas
640 1252 910 1310 jamdudum
933 1270 1163 1313 erumpere
1185 1255 1352 1298 nubem
1568 1255 1660 1299 580

218 1322 461 1368 Ardebant.
526 1324 653 1368 Prior
674 1325 859 1369 Aenean
883 1328 1118 1384 compellat
1142 1327 1366 1371 Achates:

221 1393 381 1437 “Nate
404 1395 499 1451 dea,
525 1410 637 1452 quae
659 1410 776 1440 nunc
799 1397 946 1441 animo
965 1398 1186 1441 sententia
1209 1397 1349 1455 surgit
1364 1398 1386 1441 Ρ

220 1464 426 1510 “Omnia
448 1471 551 1509 tuta
574 1467 707 1523 vides,
733 1468 919 1511 classem
941 1469 1164 1525 sociosque
1187 1473 1383 1525 receptos
1404 1481 1416 1523 3

219 1536 246 1557 “
265 1536 396 1580 Unus
417 1537 556 1594 abest,
579 1538 724 1581 medio
746 1538 793 1581 in
815 1539 959 1582 fluctu
981 1554 1114 1596 quem
1137 1540 1329 1583 vidimus
1351 1539 1438 1597 ipsi

218 1605 247 1627 ‘⁶
265 1607 552 1651 Submersum
568 1623 580 1664 3
614 1609 745 1653 dictis
767 1611 1030 1667 respondent
1052 1615 1198 1654 cetera
1219 1610 1416 1654 matris.”
1572 1610 1660 1654 585

215 1676 308 1720 Vix
329 1692 381 1721 ea
401 1679 521 1722 fatus
545 1685 655 1737 erat,
679 1695 822 1738 quum
844 1681 1113 1725 circumfusa
1134 1688 1316 1739 repente

216 1749 388 1793 Scindit
412 1765 457 1794 se
475 1751 615 1795 nubes
639 1758 685 1796 et
707 1753 755 1796 in
778 1753 958 1797 aethera
980 1759 1144 1811 purgat
1166 1759 1383 1810 apertum.

214 1821 400 1865 Restitit
423 1822 613 1880 Aeneas,
639 1825 844 1882 claraque
865 1826 912 1868 in
932 1826 1032 1869 luce
1053 1826 1244 1880 refulsit,

217 1892 280 1936 Os
301 1893 591 1950 humerosque
611 1895 691 1938 deo
714 1896 895 1941 similis:
930 1910 1123 1953 namque
1145 1896 1244 1953 ipsa
1266 1897 1469 1939 decoram

216 1964 463 2008 Caesariem
484 1971 592 2009 nato
613 1968 815 2024 genetrix
835 1969 1075 2026 lumenque
1092 1968 1306 2026 juventae
1567 1969 1657 2014 590

215 2035 498 2092 Purpureum
522 2042 567 2080 et
588 2038 727 2081 laetos
749 2040 887 2082 oculis
910 2039 1082 2083 afflarat
1104 2040 1306 2095 honores,

215 2108 353 2162 Quale
372 2107 535 2152 ¹manus
558 2110 732 2153 addunt
756 2112 875 2154 ebori
898 2113 1051 2167 decus,
1074 2118 1155 2156 aut
1176 2111 1256 2155 ubi
1279 2112 1393 2156 flavo

214 2179 466 2237 Argentum
485 2181 696 2225 Pariusve
717 2182 831 2240 lapis
854 2183 1158 2227 circumdatur
1179 2199 1296 2228 auro.

215 2252 334 2294 Tum
356 2252 415 2295 sic
439 2254 637 2311 reginam
660 2255 919 2312 alloquitur,
944 2256 1205 2313 cunctisque
1229 2262 1410 2314 repente

212 2323 482 2379 Improvisus
505 2324 569 2367 ait
589 2339 600 2370 :
637 2325 852 2383 “Goram,
877 2341 1009 2384 quem
1031 2327 1263 2384 quaeritis,
1289 2329 1465 2383 adsum,
1563 2330 1650 2373 595

214 2395 246 2415 “
268 2395 425 2439 Troius
447 2396 641 2452 Aeneas,
662 2397 839 2455 Libycis
862 2404 1037 2456 ereptus
1061 2400 1117 2443 ab
1144 2400 1286 2444 undis

214 2465 248 2487 “
269 2466 305 2510 O
330 2467 420 2510 sola
442 2467 645 2513 infandos
670 2470 826 2527 Trojae
849 2470 1057 2514 miserata
1078 2471 1264 2526 labores,

213 2537 245 2559 “
266 2538 388 2592 Quae
410 2554 488 2583 nos
496 2574 508 2595 ,
532 2541 737 2598 reliquias
761 2542 991 2598 Danaum,
1016 2548 1243 2600 terraeque
1266 2543 1487 2600 marisque

213 2609 245 2630 “
266 2609 484 2655 Omnibus
507 2612 744 2657 exhaustos
761 2613 858 2670 jam
880 2614 1072 2669 casibus,
1097 2614 1296 2658 omnium
1320 2628 1498 2672 egenos,

1581 538 1637 584 a

1641 541 1669 582 0
