1757 2916
139 127 225 172 198
624 139 857 170 AENEmos
890 138 977 170 LIB.
1012 137 1075 168 1x.

139 247 354 291 Turbatis
378 247 607 304 Messapus
631 247 781 303 equis;
817 250 1055 289 cunctatur
1075 249 1119 288 et
1143 244 1286 287 amnis

140 318 294 362 Rauca
318 334 476 362 sonans
500 324 759 374 revocatque
783 318 940 374 pedem
965 316 1199 358 Tiberinus
1222 315 1277 358 ab
1300 315 1403 358 alto.
1488 313 1575 357 125

140 390 205 433 At
229 405 315 432 non
339 391 495 433 audaci
520 390 668 432 Turno
692 389 852 431 fiducia
876 388 1004 430 cessit
1022 402 1033 442 3

142 461 276 504 Ultro
299 463 465 504 animos
491 461 607 503 tollit
631 460 773 514 dictis,
799 465 933 514 atquc
955 459 1153 514 increpat
1179 458 1297 500 ultro
1317 473 1325 501 :

143 532 170 553 “
190 533 398 589 Trojanos
422 534 525 574 hacc
551 537 745 573 monstra
769 536 948 587 petunt,
973 530 1040 572 his
1061 529 1242 585 Jupiter
1263 530 1355 585 ipse

143 603 171 626 ‘⁶
191 604 424 646 Auxilium
447 603 628 645 solitum
652 601 814 658 eripuit
832 615 843 655 ;
878 616 966 643 non
989 601 1078 643 tela
1100 615 1241 656 neque
1263 600 1385 656 ignes

143 675 170 695 “
188 675 471 730 Exspectant
495 673 698 716 Rutulos.
763 672 878 728 Ergo
900 672 1039 714 maria
1061 671 1182 713 invia
1206 670 1400 725 Teucris,
1490 671 1579 712 130

142 745 169 767 “
185 745 279 788 Nec
303 760 401 802 spes
423 745 514 786 ulla
535 744 690 800 fugae:
727 757 871 786 rerum
893 757 994 799 pars
1017 742 1154 785 altera
1176 742 1353 784 ademta
1375 746 1456 796 est,

143 816 170 838 “
190 816 325 859 Terra
347 821 498 858 autem
518 815 565 857 in
585 814 744 857 nostris
766 814 972 856 manibus
992 828 1001 857 :
1037 819 1105 856 tot
1128 813 1280 869 millia,
1303 817 1458 869 gentes

143 887 172 908 “
187 888 327 930 Arma
347 887 496 929 ferunt
519 886 674 930 Italae.
738 885 819 928 Nil
840 899 909 927 me
930 885 1086 927 fatalia
1112 890 1290 940 terrent,

143 957 170 980 “
192 958 238 1002 Si
260 972 348 1014 qua
371 957 566 1014 Phryges
587 947 690 1012 prae
713 971 756 999 se
772 955 964 1012 jactant,
988 970 1194 1012 responsa
1215 955 1406 999 deorum.

146 1029 173 1084 ‘f
195 1029 275 1072 Sat
296 1028 402 1071 fatis
425 1028 678 1083 Venerique
700 1028 874 1082 datum,
899 1026 1084 1083 tetigere
1107 1027 1224 1082 quod
1246 1041 1348 1069 arva
1491 1026 1578 1070 135

144 1099 171 1120 “
196 1099 375 1142 Fertilis
398 1098 620 1142 Ausoniae
645 1098 788 1141 Troes.
858 1098 973 1141 Sunt
995 1103 1040 1140 et
1064 1112 1162 1140 mea
1187 1103 1338 1140 contra

145 1170 306 1213 “Fata
329 1171 453 1226 mihi,
477 1171 586 1213 ferro
611 1171 871 1213 sceleratam
895 1169 1145 1212 exscindere
1167 1174 1361 1225 gentem,

145 1240 174 1263 “‘
194 1241 390 1298 Oonjuge
413 1246 644 1297 praerepta
658 1255 668 1295 ;
704 1254 782 1282 nec
808 1240 916 1283 solos
939 1240 1086 1295 tangit
1112 1238 1293 1281 Atridas

147 1309 174 1332 ‘⁶
195 1312 287 1355 Iste
310 1312 443 1367 dolor,
469 1312 653 1367 solisque
675 1311 779 1353 licet
802 1324 953 1366 capere
976 1324 1097 1352 arma
1122 1308 1334 1364 Mycenis.

146 1382 173 1404 ‘³
196 1383 281 1426 Sed
305 1382 482 1438 periisse
507 1383 640 1424 semel
663 1381 771 1423 satis
794 1386 871 1424 est.
939 1380 1126 1422 Peccarc
1148 1380 1304 1422 fuisset
1491 1378 1578 1421 140

147 1453 173 1473 ‘⁴
193 1453 314 1495 Ante
339 1453 460 1508 satis,
486 1452 664 1508 penitus
687 1452 815 1494 modo
837 1466 925 1493 non
946 1465 1084 1507 genus
1107 1465 1235 1493 omne
1258 1464 1433 1507 perosos

146 1523 173 1544 “
189 1524 453 1566 Femineum
473 1537 483 1578 ;
519 1523 679 1579 quibus
700 1523 806 1564 haec
831 1521 963 1564 medii
984 1520 1150 1564 fiducia
1172 1521 1280 1564 valli

146 1593 173 1614 ‘⁶
193 1594 516 1649 Fossarumque
539 1607 702 1647 morae,
726 1593 807 1635 leti
829 1592 1083 1635 discrimina
1105 1606 1257 1649 parva,

146 1664 173 1685 “
195 1665 316 1707 Dant
341 1664 520 1707 animos.
587 1664 652 1706 At
675 1678 762 1706 non
785 1663 991 1706 viderunt
1014 1663 1188 1705 moenia
1212 1662 1368 1719 Trojae

146 1735 173 1756 “
193 1735 396 1792 Neptuni
417 1735 632 1777 fabricata
654 1749 790 1777 manu
813 1734 1033 1777 considere
1055 1734 1102 1776 in
1124 1734 1246 1791 ignes
1262 1735 1283 1777 P
1493 1732 1580 1778 145

147 1805 173 1826 ‘⁶
195 1805 280 1849 Sed
302 1820 390 1860 vos,
415 1821 438 1847 0
460 1805 578 1860 lecti,
602 1805 713 1848 ferro
737 1805 835 1860 quis
858 1805 1051 1848 scindere
1073 1805 1242 1847 vallum

147 1876 173 1897 “
192 1876 397 1932 Apparat
420 1882 465 1918 et
487 1890 663 1918 mecum
685 1876 855 1918 invadit
877 1875 1146 1931 trepidantia
1168 1880 1312 1917 castra
1333 1875 1354 1918 ,⁹

150 1947 178 1968 ‘⁶
198 1947 299 1989 Non
322 1946 452 1988 armis
475 1945 583 1987 mihi
606 1945 811 1999 Vulcani,
837 1959 924 1988 non
946 1945 1068 1987 mille
1090 1945 1250 1987 carinis

148 2017 177 2038 ‘⁶
198 2017 280 2059 Est
303 2030 411 2072 opus
433 2015 479 2058 in
502 2015 701 2059 Teucros.
767 2015 953 2058 Addant
976 2029 1019 2058 sc
1042 2022 1252 2072 protenus
1275 2029 1425 2058 onmes

148 2088 176 2109 “
199 2087 379 2130 Etrusci
402 2086 547 2130 socios,
613 2086 835 2129 Tenebras
857 2092 902 2129 ct
924 2086 1081 2129 inertia
1103 2087 1223 2129 furta
1491 2087 1579 2132 150

148 2159 176 2180 ‘⁶
195 2158 401 2214 Palladii,
428 2157 564 2201 caesis
589 2172 784 2200 summac
807 2159 1061 2201 custodibus
1084 2159 1207 2214 arcis,

149 2231 175 2251 “
195 2230 237 2272 N
242 2244 264 2273 e
289 2229 505 2284 timcant3
540 2243 618 2271 nec
642 2229 743 2284 equi
765 2244 893 2272 caeca
915 2230 1150 2272 condemur
1170 2229 1217 2272 in
1240 2230 1338 2273 alvo
1357 2244 1367 2274 ε

148 2302 175 2322 “
195 2302 315 2344 Luce
338 2300 486 2357 palam
508 2305 678 2342 certum
702 2305 768 2342 est
790 2300 881 2356 igni
905 2300 1173 2343 circumdare
1196 2315 1354 2344 muros.

148 2372 174 2393 “
195 2371 330 2414 Haud
353 2370 435 2412 sibi
456 2384 557 2412 cum
582 2369 749 2412 Danais
772 2385 862 2412 rem
884 2371 986 2413 saxo
1009 2380 1053 2413 et
1077 2371 1191 2428 pube
1214 2370 1403 2427 Pelasga

148 2443 175 2464 ‘³
192 2443 298 2485 Esse
318 2446 494 2499 putent,
510 2440 729 2483 decimum
744 2455 852 2496 quos
866 2442 1041 2484 distulit
1057 2441 1224 2483 Hector
1236 2441 1282 2483 in
1299 2455 1476 2486 annum.
1495 2443 1581 2486 155

151 2513 178 2534 “
198 2513 329 2555 Nunc
353 2512 474 2567 adeo,
498 2511 648 2553 melior
671 2512 879 2566 quoniam
901 2526 1001 2568 pars
1025 2517 1124 2554 acta
1146 2511 1246 2567 dici,

149 2583 176 2606 ‘⁶
195 2583 321 2638 Quod
345 2586 556 2638 superest,
581 2581 686 2624 lacti
709 2582 817 2624 benc
840 2583 975 2638 gestis
999 2596 1174 2639 corpora
1196 2582 1325 2626 rebus
