1757 2916
175 111 231 153 38
662 120 893 151 AENssinos
925 121 1012 152 LIB.
1047 121 1094 151 11.

174 229 394 273 Vadimus
417 229 613 272 immixti
637 228 803 272 Danais
824 229 944 272 haud
965 229 1145 271 numine
1167 232 1327 278 nostro,

176 301 411 357 Multaque
434 315 511 358 per
534 315 710 343 caecam
733 300 950 357 congressi
972 299 1136 356 proelia
1158 303 1336 341 noctem

177 371 470 427 Conserimus,
494 372 658 414 multos
683 371 894 413 Danaum
916 370 1194 413 demittimus
1218 369 1340 413 Orco.

178 441 435 499 Diffugiunt
457 442 532 484 alii
555 443 611 484 ad
633 456 780 497 naves,
807 447 851 484 et
873 441 1004 484 litora
1026 455 1156 484 cursu

178 513 293 556 Fida
314 518 475 570 petunt
496 527 506 567 ;
542 528 640 570 pars
663 513 889 570 ingentem
910 512 1141 555 formidine
1163 511 1284 568 turpi

180 585 410 628 Scandunt
432 599 581 627 rursus
603 598 788 640 equum,
814 588 858 626 et
882 588 988 625 nota
1010 584 1263 625 conduntur
1283 582 1331 624 in
1352 581 1462 625 alvo.

179 657 281 699 Heu
304 656 414 698 nihil
436 655 585 697 invitis
607 655 675 697 sas
697 668 967 710 quemquam
988 654 1120 696 fidere
1143 653 1281 697 divis!

179 727 293 770 Ecce
317 726 576 769 trahebatur
597 725 734 781 passis
758 724 978 766 Priameia
1001 724 1120 780 virgo

181 797 385 840 Crinibus
408 811 434 838 a
457 796 622 852 templo
648 794 891 838 Cassandra
914 793 1147 850 adytisque
1170 794 1409 849 Minervae,

180 868 253 910 Ad
276 867 445 910 coelum
467 866 651 909 tendens
673 865 875 908 ardentia
895 865 1066 908 lumina
1086 865 1263 920 frustra,

181 938 386 993 Lumina,
405 952 510 980 nam
531 942 705 980 teneras
727 937 934 979 arcebant
960 936 1137 979 vincula
1159 938 1343 993 palmas.

182 1009 284 1052 Non
302 1009 408 1051 tulit
429 1009 543 1051 hanc
567 1007 758 1064 speciem
778 1007 942 1050 furiata
964 1014 1113 1050 mente
1137 1008 1374 1063 Coroebus,

183 1080 245 1122 Et
269 1094 359 1122 sese
381 1079 578 1121 medium
599 1078 752 1135 injecit
774 1077 996 1135 periturus
1020 1078 1066 1121 in
1089 1093 1271 1136 agmen:

185 1150 506 1206 Consequimur
528 1149 678 1193 cuncti
700 1155 744 1192 et
767 1149 913 1193 densis
934 1150 1196 1193 incurrimus
1218 1150 1360 1194 armis.

185 1221 270 1264 Hic
294 1222 486 1278 primum
505 1235 559 1263 ex
580 1222 671 1264 alto
693 1220 866 1263 delubri
888 1221 1077 1264 culmine
1100 1222 1199 1264 telis

185 1292 447 1336 Nostrorum
469 1292 706 1348 obruimur,
731 1292 956 1349 oriturque
978 1293 1222 1336 miserrima
1245 1294 1398 1337 caedes

185 1363 423 1406 Armorum
444 1363 555 1406 facie
579 1368 624 1405 et
648 1362 883 1406 Graiarum
905 1377 1041 1406 errore
1058 1364 1282 1420 jubarum.

187 1434 304 1476 Tum
329 1434 475 1477 Danai
496 1434 666 1491 gemitu
689 1439 823 1490 atque
847 1439 1020 1490 ereptae
1042 1435 1223 1492 virginis
1245 1436 1310 1478 ira

188 1505 398 1561 Undique
421 1505 596 1547 collecti
617 1505 849 1560 invadunt,
874 1505 1109 1548 acerrimus
1132 1506 1269 1562 Ajax,

186 1576 247 1618 Et
271 1575 435 1632 gemini
456 1575 657 1631 Atridae,
683 1576 992 1632 Dolopumque
1014 1576 1232 1619 exercitus
1254 1577 1419 1622 omnis:

188 1648 373 1690 Adversi
396 1652 525 1704 rupto
547 1661 627 1690 ceu
650 1648 874 1703 quondam
896 1647 1073 1690 turbine
1095 1648 1219 1690 venti

188 1718 444 1775 Confligunt
467 1717 781 1774 Zephyrusque
804 1717 1037 1774 Notusque
1060 1723 1104 1760 et
1128 1719 1274 1761 laetus
1295 1719 1401 1762 Eois

188 1790 335 1832 Eurus
358 1789 495 1844 equis,
520 1788 715 1831 stridunt
740 1789 884 1844 silvae,
909 1788 1135 1844 saevitque
1157 1789 1342 1832 tridenti

191 1861 412 1917 Spumeus
435 1864 571 1914 atque
592 1858 680 1901 imo
703 1858 873 1902 Nereus
895 1859 982 1902 ciet
1004 1873 1192 1916 aequora
1212 1860 1362 1904 fundo.

190 1930 265 1973 Illi
287 1929 435 1986 etiam,
460 1928 497 1971 si
519 1943 628 1984 quos
650 1929 832 1971 obscura
854 1934 981 1972 nocte
1004 1944 1082 1985 per
1103 1930 1310 1972 umbram

191 2000 409 2044 Fudimus
430 1999 598 2042 insidiis
620 2004 801 2055 totaque
822 1999 1086 2056 agitavimus
1108 2000 1228 2056 urbe,

191 2071 437 2128 Apparent,
461 2069 592 2127 primi
614 2069 775 2126 clipeos
796 2070 1076 2126 mentitaque
1099 2071 1190 2113 tela

191 2141 468 2198 Agnoscunt,
491 2144 625 2196 atque
647 2154 722 2182 ora
745 2155 847 2183 sono
869 2141 1084 2183 discordia
1106 2141 1294 2198 signant.

193 2213 322 2256 Ilicet
344 2212 569 2255 obruimur
589 2225 769 2253 numero
788 2225 798 2265 3
834 2211 1087 2268 primusque
1112 2212 1331 2256 Coroebus

194 2283 369 2326 Penelei
391 2283 549 2326 dextra
572 2283 698 2326 divae
722 2282 1026 2338 armipotentis
1049 2284 1103 2325 ad
1128 2298 1249 2325 arani

194 2354 451 2397 Procumbit
473 2368 484 2409 ;
519 2354 638 2396 cadit
662 2359 706 2396 et
730 2353 940 2409 Rhipeus,
963 2353 1236 2408 justissimus
1260 2370 1374 2398 unus

195 2424 281 2478 Qui
302 2425 388 2467 fuit
406 2425 452 2467 in
477 2424 655 2467 Teucris
678 2429 722 2466 et
745 2424 1096 2467 servantissimus
1119 2425 1272 2480 acqui:

196 2495 275 2538 Dis
296 2495 425 2538 aliter
446 2495 587 2538 visum
606 2508 617 2549 3
651 2500 835 2552 pereunt
859 2494 1149 2551 Hypanisque
1175 2496 1447 2552 Dymasque,

196 2566 370 2610 Confixi
392 2581 418 2609 a
441 2567 579 2622 sociis,
606 2581 684 2609 nec
710 2572 752 2609 te
776 2572 854 2608 tua
879 2567 1083 2623 plurima,
1110 2566 1305 2623 Panthu,

1526 508 1616 552 400

1530 863 1619 907 405

1531 1220 1622 1265 410

1535 1576 1625 1622 415

1537 1931 1627 1975 420

1541 2284 1627 2328 425
