1741 2902
617 178 845 209 AENEIDos
879 179 965 209 ΠΒ.
1001 179 1097 210 Vm.
1496 166 1581 212 179

157 287 184 308 “
202 286 374 344 Dejecit
397 301 565 342 saxum,
589 286 696 329 ferro
719 287 835 342 quod
858 291 902 329 et
924 291 1018 328 arte
1040 291 1225 343 paterna

157 357 185 379 ‘⁶
205 357 447 413 Pendebat,
470 358 691 414 fultosque
715 357 901 400 emuniit
923 357 1062 414 objice
1085 363 1260 414 postes3

112 429 117 433 ”
155 429 182 450 “
198 430 312 471 Ecce
334 429 483 471 furens
505 428 662 471 animis
685 429 836 471 aderat
861 428 1134 484 Tirynthius,
1160 443 1422 485 omnemque

155 499 439 542 “Accessum
459 499 650 542 lustrans
672 499 757 542 huc
781 514 854 542 ora
875 500 1041 542 ferebat
1064 504 1108 541 et
1130 499 1250 555 illuc,

154 569 181 590 ‘⁴
198 570 419 612 Dentibus
440 569 699 613 infrendens.
766 570 853 612 Ter
875 576 1021 612 totum
1042 570 1233 613 fervidus
1255 571 1320 613 ira
1493 571 1582 614 230

154 640 180 661 “
199 640 380 683 Lustrat
402 640 616 683 Aventini
637 646 848 697 montem,
873 647 939 683 ter
961 656 1090 684 saxea
1113 647 1262 685 tentat

155 711 180 732 “
200 711 375 753 Limina
397 712 712 767 nequidquam,
736 717 806 754 ter
826 713 962 755 fessus
984 713 1097 755 valle
1120 713 1288 757 resedit.

156 781 183 802 ‘⁴
201 781 358 824 Stabat
381 787 513 824 acuta
535 781 662 836 silex,
688 782 892 838 praecisis
915 783 1108 839 undique
1132 784 1250 826 saxis

155 852 181 872 “
200 852 442 908 Speluncae
465 854 589 896 dorso
611 853 851 910 insurgens,
876 854 1093 897 altissima
1115 854 1227 910 visu,

156 923 181 943 ‘⁴
200 923 406 965 Dirarum
427 924 540 966 nidis
563 925 718 966 domus
739 930 987 980 opportuna
1008 926 1264 969 voluerum:
1493 927 1581 970 235

154 993 182 1014 “
198 993 340 1049 Hanc,
364 999 415 1036 ut
439 1009 575 1050 prona
591 994 697 1050 jugo
719 995 893 1037 laevum
914 995 1198 1039 incumbebat
1221 998 1277 1039 ad
1299 1012 1489 1053 amnem,

155 1063 182 1085 ‘⁴
202 1064 372 1106 Dexter
392 1064 439 1106 in
461 1065 693 1109 adversum
715 1064 862 1107 nitens
885 1066 1118 1121 concussit,
1143 1072 1188 1108 et
1210 1066 1311 1109 imis

154 1135 181 1156 ‘⁶
197 1135 413 1178 Avulsam
437 1135 565 1178 solvit
588 1135 820 1191 radicibus,
844 1135 945 1179 inde
968 1143 1147 1193 repente

154 1205 181 1226 “
199 1205 410 1262 Impulit;
443 1205 640 1262 impulsu
662 1220 749 1262 quo
771 1206 991 1250 maximus
1014 1208 1190 1250 intonat
1213 1209 1379 1264 aether,

155 1275 180 1296 “
197 1276 452 1319 Dissultant
474 1276 591 1332 ripae
613 1277 844 1333 refluitque
867 1278 1104 1321 exterritus
1126 1279 1279 1323 amnis.
1494 1279 1584 1322 240

155 1345 181 1366 ‘⁵
197 1346 262 1389 At
285 1360 438 1403 specus
461 1352 505 1390 et
530 1346 638 1390 Caci
659 1348 837 1390 detecta
860 1349 1066 1405 apparuit
1088 1349 1241 1406 ingens

155 1416 181 1437 ‘⁶
197 1417 350 1474 Regia,
375 1423 419 1461 et
440 1418 669 1461 umbrosae
693 1419 870 1475 penitus
891 1425 1073 1476 patuere
1097 1436 1319 1476 cavernae,

156 1489 184 1510 ‘⁶
204 1489 306 1532 Non
329 1505 464 1546 secus,
490 1505 540 1533 ac
565 1491 601 1534 si
623 1506 711 1547 qua
733 1492 909 1547 penitus
931 1492 974 1534 vi
997 1498 1112 1535 terra
1133 1493 1360 1536 dehiscens

156 1559 183 1580 ‘⁶
204 1560 402 1603 Infernas
424 1566 581 1603 reseret
604 1562 723 1604 sedes
745 1567 789 1604 et
811 1576 942 1617 regna
965 1562 1163 1605 recludat

156 1630 184 1651 “
200 1630 390 1686 Pallida,
414 1631 480 1673 dis
502 1631 653 1687 invisa,
679 1632 894 1688 superque
916 1632 1107 1688 immane
1131 1634 1388 1675 barathrum
1495 1634 1582 1677 245

158 1701 185 1721 “
208 1700 437 1756 Cernatur,
459 1701 770 1758 trepidentque
791 1702 985 1745 immisso
1007 1703 1173 1745 lumine
1196 1704 1362 1747 Manes.

156 1771 185 1792 ‘⁶
203 1772 318 1828 Ergo
340 1771 561 1828 insperata
584 1773 846 1829 deprensum
868 1773 913 1815 in
937 1774 1034 1816 luce
1057 1780 1252 1830 repente,

157 1841 184 1862 “
199 1842 513 1898 Inclusumque
537 1857 640 1885 cavo
663 1858 767 1886 saxo
790 1848 926 1899 atque
949 1844 1125 1886 insueta
1147 1846 1391 1900 rudentem,

157 1913 184 1934 “
203 1913 404 1969 Desuper
424 1913 604 1957 Alcides
627 1913 727 1957 telis
748 1915 922 1970 premit,
947 1915 1179 1971 omniaque
1203 1930 1325 1958 arma

157 1984 184 2004 ‘⁶
202 1983 420 2040 Advocat,
446 1989 491 2026 et
515 1985 645 2028 ramis
666 1985 889 2042 vastisque
911 1986 1148 2029 molaribus
1170 1987 1321 2030 instat.
1479 1988 1585 2030 250

157 2054 185 2075 “
204 2055 284 2097 Ille
307 2061 625 2112 autem-neque
648 2056 765 2099 enim
786 2056 892 2114 fuga
909 2055 1003 2112 jam
1026 2071 1159 2114 super
1180 2058 1271 2099 ulla
1293 2057 1445 2114 pericli

158 2125 187 2147 “
204 2125 430 2169 Faucibus
451 2126 678 2182 ingentem
699 2126 1097 2170 fumum-mirabile
1120 2128 1265 2170 dictu-

159 2195 186 2217 “
205 2196 395 2252 Evomit,
420 2197 690 2253 involvitque
713 2198 894 2240 domum
917 2198 1100 2254 ealigine
1124 2213 1264 2252 caeca,

159 2268 186 2289 ‘'
206 2268 497 2324 Prospectum
519 2269 705 2325 eripiens
727 2268 878 2324 oculis,
902 2269 1201 2324 glomeratque
1226 2270 1306 2312 sub
1331 2275 1455 2312 antro

159 2338 185 2360 “
205 2339 477 2382 Fumiferam
499 2344 673 2381 noctem
695 2338 947 2381 commixtis
968 2338 1067 2394 igne
1091 2338 1293 2382 tenebris
1500 2341 1583 2381 255

161 2411 188 2432 “
207 2410 309 2453 Non
333 2410 438 2452 tulit
461 2410 640 2452 Alcides
662 2409 836 2464 animis,
862 2423 990 2464 seque
1013 2409 1106 2465 ipsc
1130 2423 1206 2465 per
1228 2409 1377 2466 ignem

162 2481 187 2502 ‘⁴
209 2481 452 2538 Praecipiti
468 2481 575 2537 jecit
599 2482 729 2536 saltu,
754 2495 842 2536 qua
864 2480 1078 2537 plurimus
1100 2481 1268 2522 undam

161 2552 188 2574 ‘⁶
205 2553 378 2595 Fumus
399 2553 494 2609 agit
516 2553 764 2608 nebulaque
787 2552 939 2609 ingens
962 2565 1115 2608 specus
1137 2557 1316 2594 aestuat
1339 2557 1446 2594 atra.

154 2621 190 2646 ““’
206 2625 291 2668 Hic
317 2624 481 2669 Cacum
505 2624 550 2667 in
574 2623 763 2667 tenebris
785 2623 985 2666 incendia
1005 2637 1119 2666 vana
1141 2628 1390 2666 vomentem
