1757 2916
241 139 329 181 220
735 155 965 186 AENssmos
997 158 1082 188 ΜΒ.
1119 158 1162 188 x.

242 259 270 280 ‘⁶
290 260 434 304 Marte
457 267 555 305 ruat
575 263 596 306 Ρ
663 263 763 306 Non
785 264 935 308 clausa
958 270 1116 322 tegunt
1133 265 1227 322 jam
1250 266 1422 309 moenia
1450 266 1655 311 Teucros.

242 331 270 352 “
291 332 407 386 Quin
430 332 546 376 intra
569 340 718 391 portas
743 341 877 391 atque
900 335 1005 391 ipsis
1029 337 1192 392 proelia
1215 338 1402 381 miscent

242 403 533 461 “Aggeribus
556 420 793 461 murorum,
818 411 862 448 et
885 406 1104 449 inundant
1128 409 1339 465 sanguine
1363 409 1510 452 fossae.

242 475 268 495 ‘⁶
286 476 459 518 Aeneas
481 477 658 533 ignarus
681 477 818 520 abest.
884 477 1198 532 Numquamne
1220 480 1354 522 levari
1617 481 1674 525 25

241 546 266 566 ‘⁶
290 546 526 589 Obsidione
550 548 662 589 sines
679 549 700 590 Ρ
769 548 905 590 Muris
927 548 1091 591 iterum
1112 550 1314 593 imminet
1337 551 1474 594 hostis

241 618 266 637 ‘⁵'
288 618 523 659 Nascentis
549 617 716 673 ijae,
741 632 820 660 nec
845 633 932 660 non
955 619 1170 662 exercitus
1194 620 1320 675 alter,

242 687 265 706 '⁴
285 687 436 742 Atque
459 688 621 730 iterum
643 688 689 730 in
712 688 902 732 Teucros
926 689 1096 732 Aetolis
1119 690 1258 747 surgit
1281 691 1337 733 ab
1358 691 1494 747 Arpis

240 756 266 777 ‘⁶
287 757 488 813 Tydides.
555 757 776 814 Equidem
799 760 938 815 credo,
963 774 1063 802 mea
1083 761 1266 803 vulnera
1288 766 1471 817 restant,

239 828 264 861 ‘⁵
284 829 346 872 Et
370 835 449 872 tua
471 830 695 887 progenies
717 831 924 874 mortalia
947 832 1142 875 demoror
1163 848 1286 875 arma
1308 837 1316 877 Ξ
1615 833 1674 875 30

238 900 265 920 “
288 901 334 944 Si
356 901 448 944 sine
469 916 577 959 pace
600 906 680 944 tua
704 907 839 959 atque
861 903 1001 946 invito
1024 904 1207 946 numine
1233 904 1368 947 Troes

239 971 268 992 ‘⁶'
286 972 469 1015 Italiam
491 973 681 1030 petiere:
717 974 846 1017 luant
870 980 1065 1031 peccata,
1090 989 1232 1031 neque
1255 976 1351 1019 illos

238 1042 266 1064 ‘⁶
284 1043 461 1086 Juveris
484 1044 647 1087 auxilio
668 1058 678 1099 ;
714 1045 782 1087 sin
803 1050 873 1088 tot
894 1060 1101 1102 responsa
1124 1046 1265 1089 secuti

238 1113 265 1134 ‘'‘
281 1115 402 1167 Quae
426 1114 571 1171 superi
592 1130 830 1171 manesque
853 1116 1019 1158 dabant·
1040 1131 1048 1160 ε
1084 1131 1162 1159 cur
1184 1131 1299 1158 nunc
1323 1121 1401 1158 tua
1423 1115 1658 1172 quisquam

237 1185 264 1206 ‘⁶
283 1185 464 1228 Vertere
481 1186 605 1242 jussa
626 1192 784 1243 potest,
809 1192 888 1229 aut
912 1202 990 1230 eur
1011 1202 1123 1230 nova
1146 1189 1327 1231 condere
1349 1188 1444 1230 fata
1463 1189 1484 1230 Ρ
1611 1189 1668 1232 35

216 1257 264 1277 '“
284 1257 400 1311 Quid
423 1263 620 1314 repetam
643 1263 822 1302 exustas
845 1258 1032 1314 Erycino
1055 1260 1100 1301 in
1124 1259 1249 1301 litore
1272 1259 1432 1302 classes
1452 1260 1472 1302 Ρ

237 1327 264 1349 “
285 1328 402 1381 Quid
425 1334 747 1385 tempestatum
770 1343 916 1386 regem
938 1336 1178 1386 ventosque
1201 1330 1396 1372 furentes

238 1399 264 1420 “
283 1399 439 1442 Aeolia
462 1400 641 1455 excitos,
666 1405 746 1442 aut
769 1406 917 1443 actam
938 1401 1129 1443 nubibus
1152 1400 1261 1442 Irim
1281 1402 1301 1443 Ρ

236 1470 262 1490 “
280 1470 323 1511 N
327 1485 410 1512 unc
435 1470 569 1512 ctiam
592 1470 890 1514 Manes-haee
914 1471 1139 1514 intentata
1160 1471 1370 1513 manebat

235 1540 261 1560 ‘⁴
280 1540 378 1583 Sors
401 1555 545 1583 rerum
559 1547 751 1598 -movet,
777 1547 821 1585 et
844 1542 1009 1599 superis
1031 1541 1229 1585 immissa
1250 1546 1430 1598 repente
1611 1540 1670 1584 40

235 1612 262 1634 ‘⁴
281 1613 457 1656 Allecto
479 1614 646 1657 medias
668 1614 838 1656 Italum
859 1614 1074 1657 bacchata
1096 1628 1172 1670 per
1193 1614 1336 1656 urbes.

235 1683 262 1704 ‘⁴
281 1683 359 1726 Nil
381 1699 511 1740 super
533 1683 716 1741 imperio
739 1699 937 1729 moveor:
974 1684 1244 1741 speravimus
1265 1683 1365 1739 ista,

235 1754 262 1775 ‘⁶
283 1755 406 1797 Dum
428 1755 603 1799 fortuna
625 1757 712 1799 fuit
728 1771 739 1812 3
773 1756 968 1812 vineant,
994 1770 1099 1812 quos
1121 1756 1290 1797 vincere
1312 1753 1464 1797 mavis.

235 1826 261 1846 “
283 1826 330 1870 Si
350 1826 473 1869 nulla
495 1832 561 1869 est
584 1827 711 1884 regie,
738 1827 916 1870 Teucris
940 1842 1074 1883 quam
1096 1827 1171 1869 det
1196 1832 1275 1869 tua
1297 1824 1458 1881 conjux

235 1898 261 1917 ‘⁶
283 1897 408 1939 Dura
429 1912 439 1951 ;
475 1913 550 1953 per
573 1912 758 1953 eversae,
783 1898 964 1954 genitor,
988 1896 1209 1939 fumantia
1233 1895 1388 1951 Trojae
1602 1894 1661 1939 45

236 1968 261 1988 ‘⁴
277 1968 465 2011 Excidia
488 1968 692 2024 obtestor,
716 1968 847 2011 liceat
870 1968 1092 2011 dimittere
1115 1967 1170 2010 ab
1193 1967 1324 2009 armis

235 2040 261 2060 ‘⁴
278 2040 551 2082 Incolumem
574 2039 832 2096 Ascanium,
857 2040 988 2082 liceat
1010 2053 1230 2096 superesse
1254 2043 1470 2094 nepotem.

235 2111 260 2131 “
279 2110 452 2153 Aeneas
475 2125 576 2153 sane
598 2111 757 2167 ignotis
774 2110 969 2167 jactetur
990 2111 1034 2153 in
1057 2109 1185 2153 undis

234 2183 260 2202 ‘⁴
277 2183 352 2238 Et,
378 2195 702 2239 quamcumque
725 2183 844 2225 viam
868 2183 1035 2226 dederit
1056 2183 1246 2237 fortuna,
1273 2186 1511 2237 sequatur;

235 2254 260 2273 ‘⁴
281 2252 412 2296 Hunc
436 2257 580 2310 tegere
603 2258 647 2295 et
669 2253 786 2296 dirae
809 2254 979 2296 valeam
1002 2253 1239 2296 subducere
1261 2264 1446 2309 pugnae.
1605 2250 1665 2295 50

235 2326 258 2342 “
277 2323 360 2366 Est
383 2322 620 2379 Amathus,
646 2328 711 2365 est
734 2324 849 2366 celsa
869 2324 978 2366 mihi
1002 2323 1182 2380 Paphus
1204 2327 1340 2378 atque
1366 2320 1576 2377 Cythera,

235 2394 258 2412 “
276 2393 528 2450 Idaliaeque
550 2394 730 2437 domus:
767 2395 918 2450 positis
939 2393 1148 2450 inglorius
1169 2393 1302 2435 armis

236 2464 261 2485 “
281 2465 446 2521 Exigat
469 2465 539 2507 hic
563 2479 731 2508 aevum.
797 2465 961 2521 Magna
983 2464 1148 2507 dicione
1166 2463 1321 2519 jubeto

233 2536 258 2556 ‘⁴
278 2536 499 2593 Carthago
522 2540 694 2592 premat
718 2535 961 2578 Ausoniam
980 2551 988 2579 :
1027 2535 1135 2577 nihil
1158 2534 1338 2576 urbibus
1360 2533 1462 2575 iude

234 2606 259 2626 ‘³
280 2605 489 2659 Obstabit
514 2605 668 2662 Tyriis.
735 2606 851 2659 Quid
876 2611 1045 2662 pestem
1069 2605 1248 2648 evadere
1270 2603 1374 2647 belli
1604 2603 1662 2646 55
