1741 2902
569 148 795 178 AENEIDos
829 148 913 179 LIB.
951 149 993 178 x.
1436 137 1515 178 :221

99 254 128 279 ‘⁶
142 257 273 300 Juvit
295 261 341 299 et
363 254 586 311 Argolicos
609 255 802 297 medium
824 255 984 311 fugisse
1006 269 1081 311 per
1102 256 1238 311 ignes,

99 326 127 348 ‘⁶
146 327 318 383 Totque
340 326 468 368 maris
494 331 729 381 vastaeque
753 326 967 368 exhausta
990 326 1184 382 pericula
1206 332 1361 381 terrae,

97 396 126 418 ‘⁴
145 397 266 439 Dum
288 396 469 439 Latium
492 395 647 437 Teucri
669 396 940 452 recidivaque
965 396 1177 452 Pergama
1199 402 1414 452 quaerunt
1437 398 1457 439 Ρ

97 466 124 487 “
144 467 246 509 Non
268 466 421 520 satius,
446 466 608 507 cineres
631 466 796 521 patriae
818 466 1025 508 insedisse
1048 481 1274 522 supremos

97 537 123 557 ‘⁶
144 537 293 592 Atque
317 536 473 591 solum,
493 550 578 592 quo
597 535 723 591 Troja
741 536 825 578 fuit
843 538 863 580 Ρ
899 536 1137 578 Xanthum
1155 542 1199 579 et
1220 537 1448 580 Simoenta
1468 538 1523 580 (30

96 607 125 628 ‘⁶
146 607 311 663 Redde,
336 622 421 662 oro,
445 607 627 661 miseris,
651 607 898 663 iterumque
920 607 1136 649 revolvere
1160 621 1286 650 casus

97 678 123 698 ‘⁴
146 678 231 733 Da,
256 683 395 734 pater,
420 677 576 719 Iliacos
601 678 820 721 Teucris.''
886 677 1003 720 Tum
1026 678 1140 734 regia
1161 679 1296 733 June,

95 748 214 791 Aeta
230 749 368 790 furore
391 748 538 802 gravi:
576 749 602 768 ‘⁴
622 749 740 802 Quid
763 763 832 791 me
855 749 946 791 alta
968 749 1143 792 silentia
1165 749 1280 805 cogis

94 819 123 840 ‘⁴
142 819 365 876 Rumpere
388 827 432 863 et
455 821 697 863 obductum
717 819 859 862 verbis
881 820 1059 876 vulgare
1081 819 1270 862 dolorem
1288 821 1308 862 Ρ

94 889 120 909 “
141 890 325 934 Aenean
346 890 574 933 hominum
595 889 830 945 quisquam
851 889 1088 945 divumque
1112 890 1283 946 subegit
1466 891 1522 933 65

97 963 123 983 ‘⁴
147 963 270 1005 Bella
294 961 429 1017 sequi,
450 966 533 1003 aut
554 961 726 1002 hostem
748 959 836 1015 regi
859 974 903 1001 se
926 960 1079 1001 inferre
1102 960 1262 1002 Latino
1282 962 1366 1002 Ρ--

96 1032 125 1054 “
145 1033 324 1075 Italiam
345 1031 475 1088 petiit
497 1030 599 1072 fatis
622 1029 897 1072 auctoribus:
933 1034 1027 1071 esto
1048 1044 1058 1083 ;

95 1103 122 1123 ‘⁶
141 1102 410 1146 Cassandrae
431 1101 648 1157 impulsus
669 1099 793 1142 furiis
811 1113 819 1143 :
855 1114 962 1141 num
984 1099 1178 1155 linquere
1201 1105 1343 1142 eastra

98 1173 126 1194 ‘⁴
146 1173 328 1215 Hortati
351 1186 513 1227 sumus,
538 1175 617 1213 aut
639 1170 777 1212 vitam
801 1170 1073 1213 committere
1095 1170 1240 1213 ventis
1258 1172 1279 1213 Ρ

99 1243 126 1265 “
144 1244 268 1286 Num
289 1257 423 1300 puero
446 1256 664 1285 summam
686 1241 802 1297 belli,
828 1257 936 1284 num
959 1242 1128 1284 eredere
1150 1256 1309 1296 muros,
1463 1239 1522 1284 70

98 1314 125 1335 “
145 1310 506 1370 Tyrrhenamque
529 1313 662 1355 fidem
685 1317 764 1355 aut
787 1317 939 1369 gentes
962 1312 1130 1369 agitare
1154 1312 1326 1368 quietas
1347 1313 1368 1355 Ρ

94 1384 124 1407 “
141 1386 248 1439 Quis
270 1385 377 1428 deus
397 1385 444 1427 in
465 1384 678 1438 fraudem,
702 1398 812 1439 quae
835 1384 944 1431 dura
965 1383 1164 1439 potentia
1186 1383 1326 1426 nostri

98 1456 125 1476 ‘⁶
145 1457 251 1512 Egit
267 1457 288 1499 Ρ
324 1456 401 1498 ubi
422 1456 492 1498 hic
515 1455 895 1516 Juno,demissave
918 1455 1110 1497 nubibus
1132 1454 1213 1497 Iris
1228 1456 1312 1498 Ρ-

93 1526 121 1547 “
139 1526 379 1582 Indignum
401 1530 481 1580 est,
500 1525 637 1567 Italos
661 1524 836 1580 Trojam
858 1524 1125 1566 circumdare
1147 1524 1336 1567 flammis

94 1596 121 1617 ‘⁶
139 1596 422 1650 Nascmtem,
446 1601 492 1637 et
515 1594 658 1651 patria
681 1594 881 1636 Turnum
904 1595 1134 1637 consistere
1158 1600 1286 1650 terra,
1461 1594 1517 1638 75

94 1666 123 1688 ‘⁶
145 1667 228 1710 Cui
252 1667 485 1708 Pilumnus
507 1679 627 1720 avus,
653 1664 725 1707 eui
747 1665 846 1707 diva
871 1665 1046 1707 Venilia
1069 1671 1210 1707 mater
1229 1679 1239 1709 ε

95 1737 121 1758 “
143 1737 273 1793 Quid,
296 1737 392 1779 face
416 1734 626 1791 Trojanos
649 1740 746 1777 atra
768 1735 858 1776 vim
880 1735 990 1777 ferre
1012 1735 1199 1791 Latinis,

94 1807 256 1850 “Arva
277 1807 418 1849 aliena
435 1806 541 1862 jugo
563 1820 754 1862 premere
777 1810 910 1860 atque
933 1811 1123 1848 avertere
1145 1807 1327 1862 praedas
1343 1808 1364 1849 Ρ

93 1877 123 1899 “
142 1878 270 1932 Quid,
296 1891 460 1920 soceros
479 1877 619 1933 legere
641 1881 686 1918 et
708 1875 882 1933 gremiis
905 1876 1116 1918 abducere
1139 1883 1292 1932 pactas
1311 1891 1322 1931 3

97 1947 126 1969 ‘⁶
143 1948 304 1990 Pacem
326 1960 446 1989 orare
468 1961 615 2003 manu,
639 1946 874 2005 praQere
897 1947 1120 2004 puppibus
1142 1961 1263 1990 arma
1283 1948 1368 1990 Ρ-
1460 1948 1518 1990 80

93 2019 119 2039 “
141 2019 213 2061 Tu
235 2024 359 2075 potes
381 2017 561 2060 Aenean
584 2017 787 2061 manibus
810 2017 1047 2060 subducere
1070 2017 1272 2072 Graium,

94 2088 121 2109 ‘⁶
139 2089 309 2144 Proque
331 2088 421 2131 viro
443 2088 650 2131 nebulam
671 2093 717 2130 et
739 2093 891 2130 ventos
914 2088 1145 2130 obtendere
1168 2088 1336 2144 inanes3

96 2158 123 2178 ‘⁴
141 2158 202 2199 Et
225 2162 349 2214 potes
370 2158 417 2200 in
437 2158 622 2200 totidem
646 2158 825 2200 classem
848 2163 1093 2200 convertere
1116 2158 1334 2213 nymphas
1353 2172 1364 2211 3

95 2228 123 2249 ‘⁵
142 2228 233 2271 Nos
255 2228 422 2283 aliquid
444 2228 634 2270 Rutulos
657 2232 808 2269 eontra
823 2227 1001 2286 juvisse,
1026 2228 1266 2269 nefandum
1288 2234 1353 2269 est
1373 2229 1459 2270 ?—-

94 2298 123 2320 ‘⁴
141 2299 315 2340 Aeneas
336 2298 515 2354 ignarus
537 2297 686 2340 abest:
721 2297 897 2352 ignarus
920 2302 963 2338 et
987 2297 1125 2340 absit:
1461 2299 1517 2341 85

98 2369 125 2390 “
142 2370 228 2411 Est
252 2368 431 2425 Paphus
453 2367 733 2422 Idaliumque
754 2366 853 2421 tibi,
878 2371 981 2409 sunt
1004 2367 1097 2408 alta
1122 2366 1326 2422 Cythera.

95 2438 121 2460 “
141 2438 258 2492 Quid
279 2437 505 2494 gravidam
526 2437 652 2479 bellis
674 2437 827 2478 urbem
852 2442 896 2478 et
918 2437 1047 2478 corda
1067 2450 1220 2492 aspera
1243 2441 1390 2479 tentas
1408 2437 1430 2480 Ρ

96 2509 125 2529 “
146 2508 294 2552 Nosne
317 2508 400 2551 tibi
420 2508 562 2550 fluxas
586 2507 801 2563 Phrygiae
824 2521 889 2549 res
910 2512 1075 2549 vertere
1097 2506 1234 2549 fundo

95 2578 122 2600 ’Ὗ
142 2579 362 2622 Oonamur
377 2580 398 2621 Ρ
433 2592 534 2631 nos3
569 2592 624 2619 au
649 2578 822 2619 miseros
844 2575 920 2632 qui
944 2576 1079 2619 Troas
1101 2575 1280 2619 Achivis
