1741 2902
664 127 897 158 AENEIDOS
930 128 1017 159 ΜΒ.
1053 128 1096 159 x.
1508 117 1596 161 245

168 239 271 284 Uno
293 239 339 282 in
362 238 485 282 corde
507 237 662 294 pudor,
685 236 910 292 mixtoque
932 235 1103 278 insania
1123 235 1263 291 luctu,

167 310 249 367 [Et
271 311 394 353 furiis
417 310 612 366 agitatus
635 323 754 350 amor
776 314 820 350 et
843 308 1012 350 conscia
1033 306 1208 364 virtus]

162 383 314 438 Atque
338 382 409 424 hic
433 381 618 423 Aenean
639 391 800 435 magna
823 385 890 438 ter
911 393 1014 421 voce
1036 378 1218 421 vocavit.

162 454 333 496 Aeneas
357 451 536 507 agnovit
559 465 675 505 eum,
700 451 928 505 laetusque
953 453 1180 505 precatur:

163 522 192 546 “
212 523 281 567 Sic
306 529 433 579 pater
455 523 526 564 ille
549 522 681 564 deum
702 521 850 575 faciat,
877 520 935 579 sio
959 521 1076 563 altus
1099 520 1261 577 Apollo
1280 524 1288 564 !
1506 518 1594 566 875

161 595 188 616 ‘⁶
208 594 403 650 Incipias
425 593 614 636 conferre
637 592 860 635 manum.’'

161 665 362 707 Tantum
383 664 557 718 effatus,
582 669 627 705 et
650 663 811 705 infesta
834 663 951 705 subit
975 662 1126 705 obvius
1147 662 1288 705 hasta.

159 736 241 777 Ille
264 741 442 780 autem:
481 734 508 755 ‘⁶
528 734 644 787 Quid
666 748 750 789 me,
776 739 939 790 erepto,
965 732 1225 788 saevissime,
1249 738 1353 775 hato

160 806 188 827 ‘⁶
209 806 360 849 Terres
377 807 398 850 Ρ
465 805 588 848 Haeo
610 805 681 847 via
703 805 794 847 sola
815 804 917 860 fuit,
942 819 1030 861 qua
1052 804 1227 861 perdere
1250 818 1407 860 posses,

161 876 190 899 “
207 876 301 920 Nec
323 882 512 920 mortem
532 876 772 931 horremus,
796 890 874 918 nec
899 876 1052 917 divum
1074 875 1293 932 parcimus
1314 875 1407 918 ulli.
1502 875 1593 918 880

161 949 190 970 “
207 949 395 997 Desine:
429 962 535 990 nam
555 947 681 988 venio
702 946 952 1001 moriturus,
978 952 1022 988 et
1043 947 1150 988 haec
1174 945 1258 988 tibi
1279 951 1403 1002 porto

159 1020 187 1042 “
207 1021 334 1063 Dona
356 1020 519 1077 prius.”
582 1019 726 1074 Dixit,
750 1019 978 1074 telumque
1000 1018 1173 1060 intorsit
1196 1018 1244 1060 in
1265 1018 1447 1061 hostem.

159 1091 270 1135 Inde
293 1092 414 1134 aliud.
437 1105 566 1148 super
587 1095 720 1146 atque
743 1089 865 1132 aliud
886 1089 1085 1146 figitque,
1111 1089 1320 1145 volatque

159 1162 341 1219 Ingenti
362 1177 464 1218 gyro
482 1175 495 1216 ς
531 1162 607 1204 sed
630 1160 818 1203 sustinet
842 1174 998 1202 aureus
1021 1159 1166 1203 umbo.

160 1232 246 1274 Ter
269 1232 430 1275 circum
452 1232 706 1274 adstantem
726 1231 871 1273 laevos
894 1229 1110 1285 equitavit
1132 1228 1179 1271 in
1202 1229 1336 1284 orbes,
1502 1229 1590 1272 885

159 1304 268 1346 Tela
291 1317 428 1345 manu
444 1302 636 1358 jaciens3
671 1307 740 1344 ter
762 1316 910 1344 80011111
935 1301 1089 1343 Troius
1112 1300 1239 1342 heros

156 1374 404 1416 Immanem
427 1379 574 1416 aerato
598 1372 852 1420 circumfert
871 1371 1064 1428 tegmine
1088 1371 1255 1414 silvam.

157 1445 267 1487 Inde
290 1444 368 1487 ubi
390 1449 458 1487 tot
481 1443 665 1486 traxisse
687 1458 844 1497 moras,
868 1447 937 1484 tot
961 1442 1128 1498 spicula
1149 1442 1299 1484 taedet

158 1515 343 1570 Vellere,
369 1520 413 1557 et
436 1519 652 1570 urguetur
673 1528 823 1569 pugna
845 1526 1096 1568 congressus
1118 1511 1269 1566 iniqua
1287 1525 1297 1564 3

157 1585 304 1628 Multa
326 1599 504 1627 movens
527 1583 688 1638 animo,
708 1583 803 1638 jam
824 1583 1007 1624 tandem
1031 1581 1237 1637 erumpit,
1257 1585 1302 1623 et
1324 1580 1439 1623 inter
1500 1581 1589 1625 890

159 1656 392 1699 Bellatoris
415 1656 516 1711 equi
538 1669 644 1697 cava
667 1660 866 1710 tempora
889 1653 1065 1708 conjicit
1088 1653 1274 1695 hastam.

157 1728 295 1771 Tollit
318 1743 362 1771 80
384 1732 601 1770 arrectum
624 1726 872 1781 quadrupes
896 1730 940 1767 et
963 1724 1155 1767 calcibus
1177 1738 1305 1766 auras

155 1798 386 1853 Verberat,
413 1797 688 1852 effusumque
711 1795 908 1851 equitem
931 1810 1061 1851 super
1081 1795 1174 1851 ipse
1198 1799 1375 1837 secutus

154 1870 376 1927 Implicat,
402 1869 623 1926 ejectoque
645 1866 864 1910 incumbit
887 1881 1072 1909 cernuus
1095 1880 1226 1909 armo.

155 1942 356 1985 Clamore
378 1940 622 1984 incendunt
645 1939 815 1982 coelum
839 1939 1055 1994 Troesque
1077 1937 1329 1994 Latinique.
1501 1937 1588 1980 895

155 2013 350 2056 Advolat
372 2013 559 2067 Aeneas,
583 2011 829 2067 vaginaque
854 2010 983 2067 eripit
1006 2025 1168 2066 ensem,

155 2085 216 2127 Et
240 2070 369 2141 supe’r
388 2085 496 2127 haec
514 2099 523 2128 :
562 2083 589 2104 “
608 2083 702 2126 Ubi
723 2097 840 2125 nunc
865 2081 1111 2124 Mezentius
1135 2096 1231 2124 acer
1252 2086 1303 2124 et
1318 2081 1395 2123 illa

157 2156 184 2176 “
203 2155 350 2197 Effera
371 2154 436 2196 vis
460 2154 631 2197 animi?
648 2154 675 2173 '’
740 2152 904 2195 Contra
927 2152 1193 2208 Tyrrhenus,
1217 2157 1270 2194 ut
1291 2165 1419 2193 auras

156 2225 406 2281 Suspiciens
428 2224 576 2266 hausit
599 2223 768 2265 coelum
787 2227 1070 2277 mentemque
1093 2222 1255 2277 recepit
1276 2236 1285 2264 ι

160 2297 187 2316 “
204 2295 356 2338 Hostis
379 2309 539 2349 amare,
563 2293 670 2349 quid
694 2292 931 2348 increpitas
952 2297 1224 2346 mortemque
1246 2289 1426 2332 minaris
1441 2291 1462 2333 Ρ
1500 2290 1586 2334 900

158 2366 185 2386 “
207 2365 398 2407 Nullum
421 2364 467 2406 in
490 2364 621 2406 caedo
643 2363 779 2418 nefas,
803 2377 881 2404 nec
905 2362 963 2404 810
989 2362 1046 2404 ad
1068 2361 1228 2417 proelia
1249 2360 1364 2416 veni,

157 2436 183 2456 ‘⁶
202 2436 297 2478 Nec
321 2441 470 2477 tecum
492 2448 616 2476 meus
637 2434 742 2476 haec
765 2432 934 2489 pepigit
957 2432 1066 2473 mihi
1086 2431 1258 2473 foedera
1279 2430 1464 2474 Lausus.

156 2506 183 2527 “
204 2505 362 2550 Unum
383 2505 478 2561 hoc,
501 2519 579 2562 per
599 2504 636 2548 si
658 2518 745 2560 qua
767 2508 834 2546 est
855 2502 983 2545 victis
1005 2502 1132 2545 venia
1153 2501 1367 2557 hostibus,
1392 2515 1478 2556 oro,
