1741 2902
593 144 821 176 AENEmos
853 146 939 176 ΜΒ.
975 146 1036 177 IX.
1455 136 1540 182 199

116 251 144 274 “
160 252 408 308 Procurate,
433 252 528 308 viri,
553 257 598 295 et
621 267 819 310 pugnam
841 259 1010 310 sperate
1033 255 1221 310 parari.''

114 323 287 365 Interea
308 323 492 379 vigilum
513 323 708 366 excubiis
731 324 923 367 obsidere
945 330 1092 381 portas

114 393 232 436 Cura
253 394 384 436 datur
407 392 624 450 Messapo,
649 399 693 436 et
716 394 887 437 moenia
909 395 1079 452 cingere
1101 396 1301 440 flaminis.
1455 398 1542 440 160

115 464 190 508 Bis
214 469 382 520 septem
405 463 576 520 Rutuli,
601 479 745 507 muros
768 466 844 521 qui
865 465 1006 508 milite
1029 472 1218 521 servent,

115 535 286 577 Delecti
303 549 313 589 ;
349 540 417 577 ast
438 535 534 578 illos
557 536 733 577 centeni
755 551 971 592 quemque
995 543 1243 593 sequuntur

113 605 332 661 Purpurei
353 605 495 648 cristis
511 605 694 661 juvenes
717 621 906 662 auroque
929 609 1103 651 corusci.

114 676 392 731 Discurrunt,
416 676 676 732 variantque
698 677 826 733 vices,
850 678 1023 734 fusique
1046 694 1121 735 per
1142 679 1322 722 herbam

113 746 353 803 Indulgent
376 747 490 803 Vino,
516 753 560 790 et
583 753 762 791 vertunt
784 755 973 792 crateras
996 750 1168 794 ahenos.
1458 753 1540 795 165

114 819 344 862 Collucent
366 818 487 875 ignes
508 833 520 874 ;
554 825 730 863 noctem
757 821 956 864 custodia
977 823 1101 865 ducit

113 891 366 933 Insomnem
386 891 501 934 ludo.

203 961 326 1003 Haec
350 976 478 1017 super
500 975 522 1004 e
545 963 658 1004 vallo
681 968 965 1019 prospectant
989 963 1128 1007 Troes
1150 971 1194 1007 et
1216 965 1346 1008 arinis

112 1033 223 1075 Alta
245 1037 416 1087 tenent,
439 1046 518 1074 nec
541 1046 628 1074 non
649 1033 810 1089 trepidi
831 1033 1064 1091 formidine⁸
1081 1040 1229 1090 portas

112 1103 379 1160 Explorant,
405 1106 648 1160 pontesque
671 1108 715 1145 et
736 1105 1068 1160 propugnacula
1084 1104 1294 1162 jungunt,
1455 1106 1541 1151 170

114 1173 220 1215 Tela
241 1179 413 1230 gerunt.
479 1174 657 1216 Instant
681 1174 937 1217 Mnestheus
961 1170 1145 1232 acerque
1170 1177 1382 1233 Serestus,

113 1243 230 1296 Quos
251 1249 378 1300 pater
399 1243 586 1299 Aeneas,
612 1244 648 1286 si
669 1245 845 1300 quando
869 1245 1046 1289 adversa
1067 1253 1286 1302 vocarent,

114 1314 320 1357 Hectores
336 1313 553 1370 juvenum
575 1319 619 1357 et
643 1329 786 1357 rerum
808 1316 930 1358 dedit
952 1331 1044 1359 esse
1066 1317 1308 1374 magistros.

113 1385 268 1428 Omnis
289 1384 366 1442 per
388 1400 533 1429 muros
555 1386 679 1443 legio,
704 1387 858 1429 sortita
879 1387 1104 1444 periclum,

113 1456 322 1499 Excubat
346 1462 605 1513 exercetque
626 1457 756 1513 vices,
781 1459 899 1513 quod
921 1459 1078 1514 cuique
1100 1461 1318 1503 tuendum
1340 1466 1418 1505 est.
1455 1460 1540 1506 175

114 1526 250 1569 Nisus
273 1532 367 1569 erat
389 1533 540 1583 portae
563 1532 723 1583 custos,
747 1528 982 1571 acerrimus
1003 1529 1150 1584 armis,

115 1596 393 1652 Hyrtacides,
418 1597 625 1640 comitem
647 1598 824 1640 Aeneae
847 1613 979 1653 quem
1000 1599 1178 1642 miserat
1200 1600 1283 1643 Ida

115 1668 346 1723 VenatriX,
365 1667 514 1723 jaculo
537 1669 722 1711 celerem
742 1669 997 1725 levibusque
1019 1670 1193 1726 sagittis
1209 1685 1220 1725 3

115 1740 176 1781 Et
195 1739 328 1794 juxta
351 1753 493 1781 comes
515 1739 747 1795 Euryalus,
773 1749 858 1795 quo
880 1740 1100 1797 pulchrior
1120 1741 1233 1784 alter

115 1809 217 1851 Non
237 1810 325 1852 fuit
348 1810 622 1865 Aeneadum,
649 1810 837 1866 Trojana
859 1826 999 1867 neque
1021 1812 1168 1854 induit
1190 1827 1326 1869 arma,
1453 1815 1540 1857 180

118 1880 207 1924 Ora
229 1894 338 1937 puer
359 1881 500 1937 prima
523 1881 698 1938 signans
720 1881 895 1925 intonsa
911 1881 1108 1938 juventa.

116 1951 199 1994 His
221 1966 342 1994 amor
363 1966 477 1994 unus
499 1957 606 2007 erat,
630 1952 878 2008 pariterque
901 1952 948 1994 in
968 1953 1083 1995 bella
1105 1954 1291 1997 ruebant
1307 1969 1318 2009 3

71 2037 74 2043 “
116 2022 234 2064 Tum
255 2036 427 2078 quoque
449 2022 672 2065 communi
692 2027 866 2079 portam
889 2024 1075 2066 statione
1098 2025 1321 2069 tenebant.

116 2092 252 2134 Nisus
274 2093 338 2135 ait
357 2107 367 2136 ε
405 2092 432 2113 “
450 2093 565 2135 Dine
586 2093 704 2135 hunc
726 2095 922 2136 ardorem
942 2094 1165 2138 mentibus
1187 2096 1373 2152 addunt,

119 2162 146 2182 “
161 2163 366 2218 Euryale,
391 2178 448 2205 an
469 2178 549 2206 sua
573 2163 729 2219 cuique
751 2165 857 2207 deus
879 2165 931 2207 fit
954 2166 1048 2208 dira
1072 2167 1231 2222 cupido
1248 2168 1269 2210 Ρ
1342 2179 1350 2187 “
1457 2169 1542 2211 185

118 2232 146 2253 “
164 2232 261 2275 Aut
284 2247 479 2289 pugnam
500 2238 580 2275 aut
602 2233 770 2288 aliquid
785 2233 880 2289 jam
902 2235 1072 2277 dudum
1088 2236 1290 2279 invadere
1312 2251 1525 2294 magnum

118 2301 146 2324 ‘⁹
161 2302 288 2344 Mens
310 2302 451 2359 agitat
473 2302 595 2357 mihi,
619 2316 697 2345 nec
720 2302 893 2358 placida
915 2309 1125 2346 contenta
1146 2306 1292 2360 quiete
1315 2312 1393 2352 est.

120 2372 148 2393 “
169 2372 333 2427 Cernis,
359 2386 470 2428 quae
494 2373 683 2415 Rutulos
704 2372 865 2414 habeat
887 2373 1048 2415 fiducia
1072 2388 1226 2419 rerum.

120 2442 148 2464 “
168 2443 359 2484 Lumina
382 2457 478 2485 rara
502 2442 685 2498 micant,
709 2457 858 2485 somno
884 2442 1067 2499 vinoque
1091 2445 1223 2487 soluti

121 2514 147 2534 ‘⁶
166 2515 454 2570 Proeubuere,
479 2514 609 2556 silent
630 2514 721 2556 late
736 2514 849 2570 loca.
914 2513 1094 2571 Percipe
1118 2531 1252 2572 porro,
1288 2564 1291 2565 ⁷
1461 2520 1546 2562 190

125 2584 150 2606 ⁸‘
170 2585 285 2638 Quid
302 2585 516 2640 dubitem,
540 2590 584 2628 et
608 2599 719 2641 quae
741 2600 857 2628 nunc
881 2585 1026 2629 animo
1049 2588 1267 2631 sententia
1290 2594 1451 2645 surgat.
