1731 2923
562 119 792 148 AENEIDOS
828 119 915 150 ΠΒ.
950 120 998 151 11.
1331 102 1334 104 Ὗ
1454 108 1511 156 37

79 225 298 281 Explicet,
323 231 404 268 aut
428 227 567 282 possit
591 227 782 270 lacrimis
806 242 994 283 aequare
1015 228 1182 271 labores
1198 230 1219 271 Ρ

78 295 196 344 Urbs
219 296 405 352 antiqua
427 297 532 352 ruit,
557 298 720 341 multos
743 298 971 341 dominata
993 314 1071 355 per
1092 314 1229 342 annos
1249 314 1259 354 ;

76 367 275 410 Plurima
297 383 460 424 perque
482 369 575 411 vias
599 375 857 412 sternuntur
878 370 1035 413 inertia
1059 372 1224 428 passim

77 438 279 495 Corpora,
304 454 466 496 perque
488 440 638 483 domos
661 446 705 483 et
727 441 928 498 religiosa
950 443 1130 485 deorum
1431 445 1514 489 365

75 509 262 555 Limina.
327 511 422 554 Nec
445 511 525 554 soli
546 526 706 569 poenas
730 513 839 556 dant
863 513 1075 570 sanguine
1099 514 1284 569 Teucri,

77 582 309 635 Quondam
335 582 470 624 etiam
492 582 621 625 victis
646 583 759 626 redit
781 583 827 625 in
852 585 1100 640 praecordia
1123 584 1277 641 virtus,

75 652 363 709 Victoresque
386 654 552 696 cadunt
578 654 736 698 Danai.
805 654 1004 698 Crudelis
1028 656 1192 712 ubique

76 723 261 779 Luctus,
285 724 449 780 ubique
473 739 607 780 pavor
629 731 674 767 et
697 725 885 781 plurima
908 726 1060 769 mortis
1084 726 1240 783 imago.

168 794 343 837 Primus
368 809 411 837 se
436 795 664 850 Danaum,
688 811 850 852 magna
868 797 1110 839 comitante
1133 803 1321 854 caterva,
1429 797 1518 843 370

76 865 331 922 Androgeos
353 866 493 908 obfert
516 866 654 921 nobis,
680 867 795 909 socia
818 868 995 924 agmina
1018 869 1196 911 credens

75 936 265 990 Inscius,
290 942 427 992 atque
450 937 567 979 ultro
590 937 730 979 verbis
753 939 989 994 compellat
1013 939 1193 982 amicis:

78 1007 106 1028 “
124 1007 370 1063 Festinate,
395 1008 502 1052 viri!
538 1008 657 1050 Nam
682 1023 794 1065 quae
818 1014 912 1051 tam
935 1024 1027 1052 sera
1050 1015 1247 1052 moratur

77 1077 106 1099 “
127 1077 344 1135 Segnities
363 1079 383 1121 P
451 1078 541 1120 Alii
567 1078 746 1135 rapiunt
768 1079 946 1122 incensa
968 1080 1204 1136 feruntque

77 1149 105 1170 ‘⁶
124 1150 340 1206 Pergama
361 1163 372 1204 3
407 1164 481 1192 vos
504 1150 630 1193 celsis
654 1166 770 1194 nunc
794 1151 987 1207 primum
1010 1166 1036 1194 a
1052 1152 1239 1195 navibus
1256 1151 1330 1195 itis
1346 1152 1367 1195 Ρ
1392 1153 1405 1172 ²
1430 1150 1517 1196 375

77 1221 222 1276 Dixit,
247 1227 292 1263 et
315 1222 706 1278 extemplo-neque
729 1223 848 1265 enim
869 1237 1074 1279 responsa
1098 1224 1318 1266 dabantur

76 1292 189 1335 Fida
211 1292 479 1335 satis-sensit
502 1293 667 1336 medios
691 1294 898 1351 delapsus
919 1294 966 1336 in
988 1294 1148 1338 hostes.

80 1363 342 1420 Obstupuit,
369 1369 574 1420 retroque
596 1366 757 1421 pedem
778 1380 880 1407 cum
904 1380 1005 1408 voce
1029 1366 1244 1423 repressit.

78 1434 376 1491 Improvisum
398 1435 536 1491 aspris
556 1435 698 1478 veluti
720 1436 797 1492 qui
820 1437 1018 1480 sentibus
1041 1452 1233 1494 anguem

79 1505 247 1548 Pressit
268 1505 395 1548 humi
417 1506 575 1561 nitens,
600 1506 884 1562 trepidusque
908 1513 1086 1563 repente
1111 1507 1273 1564 refugit
1429 1508 1518 1550 380

78 1575 376 1618 Attollentem
398 1575 482 1618 iras
504 1582 548 1618 et
572 1576 743 1618 caerula
765 1577 874 1618 colla
897 1583 1146 1619 tumentem
1164 1592 1175 1631 ;

80 1647 214 1689 Haud
237 1662 362 1690 secus
385 1646 640 1702 Androgeos
662 1646 760 1689 visu
783 1648 1068 1690 tremefactus
1090 1647 1253 1692 abibat.

79 1718 294 1760 Irruimus
316 1717 460 1760 densis
483 1722 527 1759 et
549 1716 947 1759 circumfundimur
968 1717 1115 1773 armis,

79 1788 348 1844 Ignarosque
371 1788 452 1830 loci
476 1787 641 1844 passim
664 1793 709 1829 et
731 1788 961 1830 formidine
985 1794 1137 1845 captos

83 1859 356 1903 Sternimus:
391 1859 587 1915 adspirat
611 1859 751 1915 primo
773 1860 950 1901 fortuna
971 1859 1122 1903 labori.

80 1932 234 1988 Atque
256 1931 327 1974 hic
350 1945 552 1974 successu
573 1931 799 1973 exsultans
821 1931 1067 1987 animisque
1092 1931 1309 1974 Coroebus

81 2002 108 2023 ‘⁶
124 2002 161 2046 O
185 2001 301 2058 socii,
326 2017 414 2058 qua
437 2001 580 2059 prima
593 2003 620 2020 '’
641 2001 788 2058 inquit
814 2001 841 2023 “
863 2001 1039 2044 fortuna
1062 2001 1218 2045 salutis

81 2074 110 2095 “
129 2074 351 2117 Monstrat
373 2073 469 2130 iter,
493 2088 667 2130 quaque
689 2073 882 2117 ostendit
906 2088 950 2117 se
972 2074 1143 2130 dextra,
1168 2088 1414 2130 sequamur.

83 2145 112 2166 ‘⁴
132 2145 363 2187 Mutemus
385 2143 561 2200 clipeos,
587 2144 886 2201 DanaUmque
907 2143 1100 2201 insignia
1123 2145 1247 2187 nobis

83 2217 110 2238 ‘⁴
129 2217 363 2273 Aptemus.
430 2216 584 2275 Dolus,
603 2230 661 2258 an
675 2216 830 2272 Virtus,
851 2216 948 2273 quis
969 2216 1015 2258 in
1033 2217 1157 2259 hoste
1176 2216 1367 2271 requirat
1384 2217 1405 2259 Ρ
1432 2217 1520 2260 390

89 2288 109 2308 '⁴
129 2288 268 2330 Arma
289 2287 462 2329 dabunt
483 2273 608 2343 ipsi?
675 2286 746 2330 Sic
768 2286 904 2342 fatus,
929 2287 1084 2328 deinde
1107 2292 1355 2328 comantem

95 2358 307 2416 Androgei
330 2359 501 2415 galeam
524 2358 740 2414 clipeique
761 2357 932 2414 insigne
956 2357 1160 2400 decorum

84 2430 307 2486 Induitur,
330 2429 546 2485 laterique
568 2428 787 2485 Argivum
809 2429 1112 2470 accommodat
1135 2442 1292 2471 ensem.

86 2500 180 2543 Hoc
203 2500 415 2557 Rhipeus,
440 2500 520 2542 hoc
543 2500 635 2556 ipse
661 2499 831 2555 Dymas
856 2499 1083 2555 omnisque
1100 2498 1311 2555 juventus

85 2571 225 2616 Laeta
245 2571 382 2616 facit:
418 2570 566 2628 spoliis
590 2585 633 2614 se
652 2570 838 2627 quisque
861 2570 1108 2613 recentibus
1130 2576 1286 2614 armat.
1432 2570 1517 2613 395

1431 1861 1455 1902 09

1461 1861 1486 1902 (Χ)

1492 1863 1518 1904 01
