1731 2923
549 145 781 176 AENEIDos
813 145 899 177 LIB.
935 146 997 176 Π.
1445 135 1503 180 75

159 255 305 310 Quam
329 255 463 298 simul
484 269 534 296 ac
556 254 638 296 tali
661 253 876 310 persensit
902 258 1026 310 peste
1050 254 1189 296 teneri
1446 255 1503 298 90

69 325 184 369 Cara
205 325 237 369 J
239 325 330 369 ovis
353 324 531 381 conjux,
555 338 634 366 nec
657 324 824 366 famam
845 325 1021 367 obstare
1044 325 1176 367 furori
1198 338 1208 379 ;

65 397 249 439 Talibus
271 396 526 454 aggreditur
548 395 767 438 Venerem
792 396 1000 439 Saturnia
1021 395 1154 439 dictis
1175 411 1184 439 z

65 467 93 488 ‘⁴
110 468 345 525 Egregiam
367 482 465 511 vero
487 467 662 509 laudem
685 472 730 509 et
753 467 889 523 spolia
913 468 1063 524 ampla
1086 467 1256 510 refertis

65 537 93 558 ‘⁶
113 538 269 594 Tuque
293 552 487 595 puerque
510 542 645 591 tuus3
679 551 891 594 magnum
914 544 958 580 et
980 537 1263 582 memorabile
1291 552 1456 580 numen

65 610 94 631 “
113 610 219 653 Una
241 611 338 653 dolo
361 611 512 653 divum
535 610 571 653 si
592 609 755 651 femina
777 610 894 652 Victa
915 611 1104 653 duorum
1128 617 1205 655 est.
1447 612 1501 653 95
1523 612 1528 615 “

66 680 93 701 “
112 681 206 724 Nec
228 696 299 723 me
321 683 429 724 adeo
450 681 580 736 fallit,
605 681 793 723 veritam
815 686 859 724 te
881 682 1054 725 moenia
1076 688 1243 737 nostra7

63 749 93 771 “
115 751 353 808 Suspectas
374 751 581 793 habuisse
604 751 754 794 domos
778 750 1060 809 Carthaginis
1083 754 1214 797 altae.

62 820 92 841 ‘⁵
113 821 199 864 Sed
221 817 318 878 quis
341 821 423 864 erit
445 821 614 877 modus,
638 826 718 863 aut
739 836 825 877 quo
847 837 964 865 nunc
987 824 1227 866 certamine
1253 828 1380 865 tanto
1396 823 1417 864 P

61 890 92 912 “
113 891 230 944 Quin
251 891 397 947 potius
420 905 575 946 pacem
597 895 825 933 aeternam
847 897 1084 947 pactosque
1109 893 1390 949 Hymenaeos

61 961 89 982 ‘⁶
103 961 370 1020 Exercemus
386 963 407 1004 Ρ
442 960 608 1015 Habes,
632 965 729 1003 tota
751 962 868 1016 quod
889 967 1037 1003 mente
1061 963 1212 1018 petisti
1233 978 1241 1006 :
1415 964 1499 1004 100

60 1030 91 1054 ‘⁶
107 1032 249 1075 Ardet
271 1022 425 1075 amans
449 1031 565 1074 Dido
588 1031 815 1087 traxitque
838 1046 914 1088 per
935 1046 1029 1074 ossa
1051 1031 1254 1076 furorem.

60 1103 88 1124 ‘⁴
105 1103 397 1146 Communem
417 1103 535 1146 hunc
559 1117 657 1159 ergo
679 1102 894 1159 populum
916 1103 1181 1159 paribusque
1205 1117 1409 1160 regamus

61 1174 89 1196 ‘⁶
103 1174 325 1232 Auspiciis
341 1188 352 1229 ;
386 1174 518 1217 liceat
540 1173 731 1230 Phrygio
755 1173 912 1216 servire
934 1173 1105 1229 marito,

60 1246 89 1267 “
111 1246 381 1302 Dotalesque
403 1251 507 1288 tuae
531 1245 684 1301 Tyrios
707 1245 960 1302 permittere
982 1246 1206 1288 dextrae.''

63 1317 316 1361 Olli-sensit
338 1317 457 1359 enim
479 1316 687 1359 simulata
709 1322 859 1359 mente
881 1317 1100 1372 locutam,
1412 1319 1497 1362 105

61 1388 156 1441 Quo
178 1402 363 1445 regnum
386 1387 543 1431 Italiae
565 1388 755 1443 Libycas
777 1393 992 1431 averteret
1014 1403 1132 1431 oras-

61 1459 132 1503 Sic
156 1464 308 1502 eontra
330 1465 396 1502 est
412 1459 607 1516 ingressa
629 1459 782 1502 Venus
803 1474 812 1503 :
851 1459 878 1479 ‘⁶
897 1459 1005 1513 Quis
1028 1460 1137 1502 talia
1162 1460 1345 1503 demens

60 1529 90 1550 “
104 1529 306 1587 Abnuat,
331 1536 411 1573 aut
432 1535 582 1573 tecum
606 1530 733 1572 malit
757 1531 1015 1573 contendere
1039 1531 1152 1573 bello
1170 1532 1192 1573 Ρ

64 1600 94 1622 “
114 1601 161 1645 Si
180 1601 323 1657 modo,
348 1601 464 1657 quod
486 1615 712 1655 memoras,
736 1601 909 1643 factum
929 1601 1108 1643 fortuna
1130 1605 1353 1657 sequatur.

61 1667 94 1692 ‘⁶
107 1672 193 1715 Sed
215 1672 318 1714 fatis
340 1672 507 1714 incerta
526 1671 652 1727 feror,
677 1671 713 1714 si
733 1670 915 1727 Jupiter
935 1685 1071 1714 unam
1408 1672 1496 1714 110

61 1741 89 1763 “
106 1742 214 1785 Esse
236 1742 343 1784 velit
368 1741 512 1798 Tyriis
533 1742 688 1784 urbem
712 1741 928 1797 Trojaque
950 1740 1168 1798 profectis,

59 1812 89 1834 “
112 1812 340 1855 Miscerive
362 1812 515 1869 probet
538 1812 738 1868 populos,
762 1817 842 1854 aut
863 1812 1035 1854 foedera
1050 1811 1192 1868 jungi.

60 1881 90 1904 ‘⁶
109 1883 180 1925 Tu
201 1882 387 1939 conjux:
422 1882 592 1937 tibisas
613 1882 815 1925 animum
835 1887 1009 1925 tentare
1032 1882 1262 1939 precando.

61 1953 88 1974 ‘⁴
107 1953 242 2011 Perge
264 1967 276 2008 3
311 1955 507 2010 sequar.''
572 1954 690 1995 Tum
712 1953 772 1996 sic
796 1953 968 2009 excepit
991 1953 1110 2010 regia
1131 1953 1164 1996 J
1168 1967 1280 1996 uno:

59 2022 88 2044 “
104 2023 282 2066 Mecum
297 2024 379 2066 erit
394 2024 476 2067 iste
490 2023 621 2068 labor.
656 2023 787 2066 Nunc
805 2037 893 2079 qua
907 2023 1087 2078 ratione,
1104 2024 1220 2080 quod
1236 2023 1390 2080 instat,
1408 2025 1494 2068 115

63 2094 90 2114 “
111 2094 300 2137 Confieri
322 2094 473 2151 possit,
497 2094 1050 2151 paucis-adverte-docebo.

60 2164 89 2186 ‘⁶
108 2164 338 2207 Venatum
359 2164 534 2208 Aeneas
556 2179 731 2220 unaque
754 2165 995 2208 miserrima
1018 2165 1134 2208 Dido

61 2234 88 2255 ‘⁴
108 2235 164 2277 In
186 2249 340 2277 nemus
362 2234 423 2276 ire
446 2239 619 2290 parant7
643 2234 726 2277 ubi'
742 2235 904 2291 primos
928 2236 1142 2277 crastinus
1165 2239 1284 2276 ortus

61 2304 90 2326 “
109 2305 337 2348 Extulerit
365 2305 502 2346 Titan
524 2304 742 2360 radiisque
765 2305 971 2347 retexerit
994 2305 1167 2347 orbem:

61 2375 89 2397 “
108 2375 191 2418 His
213 2390 291 2431 ego
314 2374 565 2431 nigrantem
588 2375 827 2417 commixta
851 2375 1061 2431 grandine
1084 2374 1298 2429 nimbum,
1408 2375 1489 2416 120

60 2445 89 2467 “
109 2446 234 2488 Dum
256 2445 481 2501 trepidant
505 2446 598 2487 alae
623 2446 847 2501 saltusque
871 2446 1075 2502 indagine
1099 2446 1296 2501 cingunt,

60 2516 95 2538 “
112 2516 312 2572 Desuper
333 2516 577 2571 infundam,
606 2522 649 2558 et
673 2517 841 2559 tonitru
863 2517 1036 2559 coelum
1058 2530 1185 2558 omne
1207 2516 1341 2558 ciebo.

60 2586 90 2609 “
113 2586 361 2643 Diffugient
384 2587 578 2642 comites,
603 2593 647 2629 et
671 2592 796 2630 nocte
820 2592 1025 2645 tegentur
1046 2602 1182 2644 opaca
1201 2601 1213 2641 3
