1757 2916
161 147 217 189 93
658 151 887 183 AENssmos
921 150 1006 180 11113.
1045 150 1085 179 v.

251 265 335 308 Est
360 264 511 322 procul
533 264 578 305 in
601 262 754 322 pelago
778 272 933 303 saxum
957 256 1214 314 spumantia
1236 260 1386 298 contra

163 338 327 392 Litora,
352 336 467 392 quod
492 334 674 377 tumidis
697 333 971 375 submersum
996 328 1200 371 tunditur
1223 327 1324 369 olim
1510 324 1596 367 125

163 409 413 463 Fluctibus,
437 405 607 449 hiberni
631 404 828 447 condunt
851 401 925 443 ubi
949 401 1089 442 sidera
1115 399 1242 452 Cori,

165 479 420 536 Tranquiilo
443 477 554 532 silet,
580 476 850 529 immotaque
875 472 1098 514 attollitur
1119 471 1239 513 unda

167 551 363 606 Campus
387 554 431 591 ct
455 546 613 604 apricis
636 544 770 588 statio
793 542 1041 599 gratissima
1065 541 1250 596 mergis:

166 622 252 664 Hic
277 620 457 663 viridem
478 618 652 661 Aeneas
673 613 896 657 frondenti
918 627 972 654 cx
993 612 1090 653 ilice
1113 616 1279 652 metam

168 690 412 736 Constituit
436 689 613 745 signum
634 685 783 729 nautis
805 689 947 741 pater,
972 683 1090 725 unde
1113 681 1270 724 reverti
1517 680 1602 722 130

169 763 341 807 Scirent
364 767 409 804 et
430 761 582 816 longos
602 757 681 800 ubi
702 755 1042 799 circumflectere
1065 767 1228 796 cursus.

169 835 288 877 Tum
309 833 405 876 loca
426 835 542 875 sorte
563 830 734 886 legunt,
758 826 930 884 ipsique
953 825 1000 868 in
1020 824 1246 882 puppibus
1269 839 1374 866 auro

170 906 387 948 Ductores
407 902 536 958 longe
558 899 771 956 effulgent
794 903 997 953 ostroque
1019 895 1163 939 decori
1183 909 1193 950 ;

172 976 330 1021 Cetera
351 973 543 1032 populea
565 971 736 1014 velatur
756 968 907 1011 fronde
923 967 1152 1024 juventus,

172 1048 463 1102 Nudatosque
483 1044 686 1087 humeros
709 1040 801 1083 oleo
823 1038 1000 1096 perfusa
1021 1037 1211 1081 nitescit.
1521 1036 1607 1079 135

174 1117 424 1163 Considunt
446 1113 662 1169 transtris,
686 1112 949 1166 intentaque
969 1108 1150 1152 brachia
1173 1107 1303 1151 remis
1324 1122 1333 1151 ε

173 1188 345 1233 Intenti
367 1188 625 1243 exspectant
648 1183 840 1240 signum,
865 1179 1225 1235 exsultantiaque
1247 1177 1398 1220 haurit

175 1259 319 1304 Corda
340 1272 475 1315 pavor
495 1256 675 1313 pulsans
697 1253 969 1308 laudumque
991 1255 1159 1294 arrecta
1180 1249 1351 1306 cupido.

176 1331 300 1386 Inde,
323 1328 401 1372 ubi
423 1328 538 1371 clara
560 1325 682 1369 dedit
706 1324 900 1367 sonitum
921 1323 1046 1378 tuba,
1069 1321 1233 1364 finibus
1256 1334 1428 1364 omnes-

177 1401 316 1445 Haud
338 1397 714 1454 mora-prosiluere
739 1394 853 1437 suis:
887 1393 991 1436 ferit
1013 1392 1190 1435 aethera
1213 1392 1379 1434 clamor
1524 1388 1612 1431 140

177 1470 410 1524 Nauticus,
436 1466 639 1511 adductis
662 1467 875 1521 spumant
896 1462 1011 1505 freta
1032 1476 1156 1504 versa
1177 1461 1352 1504 lacertis
1373 1474 1385 1514 ;

178 1541 412 1585 Infindunt
435 1538 598 1596 pariter
621 1536 778 1591 sulcos,
803 1538 1039 1590 totumque
1062 1532 1251 1575 dehiscit

179 1611 452 1657 Convulsum
472 1607 603 1651 remis
626 1605 862 1662 rostrisque
884 1603 1153 1647 tridentibus
1176 1616 1349 1659 aequor.

179 1683 282 1727 Non
304 1687 401 1724 tam
422 1678 686 1738 praecipites
707 1676 858 1733 bijugo
883 1674 1123 1718 certamine
1146 1688 1354 1730 campum

182 1753 435 1812 Corripuere
457 1755 680 1806 ruuntque
703 1747 831 1791 effusi
853 1761 1022 1790 carcere
1045 1760 1211 1801 currus,
1531 1743 1618 1787 145

186 1827 276 1869 Nec
300 1825 359 1868 sic
380 1821 586 1865 immissis
609 1819 785 1875 aurigae
807 1817 1025 1860 undantia
1045 1817 1136 1859 lora

185 1897 448 1940 Concussere
465 1891 600 1948 jugis,
624 1890 834 1946 pronique
851 1888 898 1930 in
918 1887 1095 1929 verbera
1118 1887 1324 1942 pendent.

185 1966 304 2009 Tum
327 1965 487 2022 plausu
508 1960 777 2015 fremit-uque
799 1958 943 2001 virum
967 1956 1214 2012 studiisque
1236 1956 1470 1999 faventum

187 2037 410 2081 Consonat
431 2046 559 2076 omne
581 2044 752 2085 nemus,
776 2042 1014 2085 vocemque
1038 2026 1208 2070 inclusa
1229 2028 1437 2070 volutant

186 2107 352 2162 Litora,
372 2102 540 2162 pulsati
562 2101 692 2145 colles
714 2100 901 2143 clamore
923 2098 1154 2141 resultant.
1535 2097 1622 2142 150

189 2177 364 2234 Effugit
386 2179 491 2221 ante
513 2173 619 2217 alios
641 2171 882 2229 primisque
905 2170 1095 2213 clabitur
1116 2169 1246 2212 undis

190 2250 388 2308 Turbam
408 2247 523 2290 inter
542 2243 857 2299 fremitumque
881 2241 1016 2298 Gyas,
1041 2255 1175 2299 quem
1192 2239 1350 2284 deinde
1376 2239 1625 2284 Cloanthus

192 2318 498 2375 Consequitur,
523 2314 678 2358 melior
698 2313 841 2369 remis,
866 2314 943 2356 sed
964 2314 1154 2370 pondere
1177 2313 1308 2370 pinus

192 2392 337 2434 Tarda
358 2394 494 2432 tenet.
561 2388 668 2431 Post
691 2387 768 2429 hos
791 2400 930 2442 aequo
952 2385 1202 2428 discrimine
1227 2385 1385 2428 Pristis

194 2464 527 2517 Centaurusque
548 2460 694 2503 locum
719 2458 911 2501 tendunt
934 2471 1137 2514 superare
1161 2457 1361 2513 priorem,
1539 2458 1627 2502 155

193 2535 254 2578 Et
278 2548 395 2576 nunc
419 2531 580 2575 Pristis
601 2530 750 2586 habet,
773 2544 890 2572 nunc
913 2528 1079 2571 victam
1101 2528 1311 2586 praeterit
1333 2529 1486 2586 ingens

196 2606 458 2660 Centaurus,
483 2617 599 2646 nunc
622 2616 711 2644 una
734 2600 890 2644 ambae
908 2599 1163 2656 junctisque
1184 2598 1387 2642 feruntur
