1741 2902
633 133 861 164 Annnmos
894 133 980 164 Lm.
1016 134 1077 165 xi.
1491 118 1580 166 257

158 241 183 264 “
199 242 431 286 Materies:
466 241 553 298 ipsi
576 256 899 298 numerumque
922 242 1188 297 modumque
1211 241 1367 285 carinis
1388 269 1393 273 -

157 314 184 334 “
199 314 490 370 Praecipiant,
515 329 591 356 nos
614 328 726 368 aera,
754 329 922 368 manus,
946 314 1121 355 navalia
1144 314 1308 356 demus

157 384 182 404 ‘⁴
202 385 443 438 Praeterea,
469 384 544 438 qui
567 383 684 426 dicta
705 385 847 426 ferant
871 390 915 426 ct
937 385 1107 426 foedera
1130 384 1320 439 firment,
1492 384 1581 426 330

156 453 184 473 ‘⁶
204 454 394 497 Centum
418 460 604 496 oratores
628 455 766 509 prima
790 456 842 497 dc
866 460 995 511 geute
1018 455 1202 497 Latinos

156 524 183 544 “
200 525 268 566 Ire
293 525 450 581 placet,
475 525 680 582 pacisque
703 541 837 568 manu
860 527 1149 582 praetendere
1173 541 1327 581 ramos,

155 594 181 615 ‘⁶
202 595 385 637 Munera
406 602 629 651 portantes
653 597 833 652 aurique
857 597 1084 652 eborisque
1109 598 1278 638 talenta

155 666 179 685 ‘⁶
200 667 261 708 Et
284 668 433 708 sellam
457 668 577 723 regni
599 669 881 724 trabeamque
904 668 1091 726 insignia
1114 668 1262 711 nostri.

155 736 181 756 ‘⁶
199 737 423 780 Consulite
446 738 492 780 in
514 739 709 781 medium
731 745 774 781 ct
797 741 924 783 rebus
947 741 1184 783 succurrite
1206 740 1327 782 fessis
1346 744 1355 784 1
1375 741 1398 758 '’
1493 740 1580 783 335

155 807 271 849 Tum
295 809 500 864 Drances,
524 810 641 852 idem
662 810 869 866 infensus,
895 825 1029 866 quem
1052 811 1185 867 gloria
1211 810 1352 852 Turni

156 878 348 935 Obliqua
366 880 527 923 invidia
550 881 826 937 stimulisque
849 883 1051 938 agitabat
1074 882 1247 935 amaris,

152 948 320 1006 Largus
343 965 476 1006 opum
498 957 541 992 et
564 951 714 1007 lingua
736 952 898 1006 melior,
924 953 998 994 sed
1019 952 1176 1008 frigida
1196 952 1332 998 bello,

154 1020 361 1076 Dextera,
385 1021 574 1063 consiliis
597 1021 773 1063 habitus
795 1036 881 1063 non
903 1021 1046 1064 futilis
1069 1027 1232 1076 auctor,

154 1091 373 1134 Seditione
395 1097 549 1147 potens
565 1118 583 1124 -
605 1107 612 1135 :
648 1106 786 1148 genus
808 1092 910 1134 huic
934 1097 1134 1134 materna
1157 1091 1397 1148 superbum
1491 1090 1579 1133 340

151 1161 369 1204 Nobilitas
390 1163 540 1217 dabat,
564 1162 780 1204 incertum
802 1163 856 1205 de
878 1169 1004 1219 patre
1026 1163 1193 1205 ferebat
1209 1188 1227 1194 -
1243 1197 1253 1217 ,

155 1232 303 1288 Surgit
328 1237 372 1275 et
394 1233 461 1275 his
484 1239 630 1276 onerat
653 1233 782 1276 dictis
804 1240 935 1289 atque
959 1238 1140 1290 aggerat
1164 1233 1249 1275 iras
1270 1246 1279 1276 :

154 1302 309 1345 “Rem
330 1303 440 1345 nulli
462 1304 688 1346 obscuram
712 1310 882 1347 nostrae
905 1319 981 1346 nec
1005 1304 1122 1346 vocis
1146 1309 1348 1360 egentem

155 1373 182 1394 “
202 1374 416 1430 Consulis,
441 1390 464 1417 o
485 1375 595 1418 bone
619 1390 704 1418 rex.
772 1376 935 1418 Cuncti
958 1390 1000 1418 se
1024 1376 1129 1418 seire
1151 1376 1366 1429 fatentur,

154 1445 181 1466 ‘⁴
198 1445 315 1498 Quid
337 1446 512 1488 fortuna
534 1447 644 1488 ferat
668 1447 845 1502 populi3
881 1447 953 1488 sed
976 1447 1116 1488 dicere
1139 1450 1352 1487 mussant.
1492 1444 1580 1487 345

154 1515 180 1536 ‘⁶
199 1515 288 1558 Det
310 1516 561 1558 libertatem
582 1517 703 1559 fandi
724 1516 945 1572 flatusque
970 1517 1186 1570 remittat,

154 1587 182 1607 “
203 1586 339 1642 Cujus
361 1587 415 1629 ob
439 1587 683 1642 auspicium
706 1586 948 1628 infaustum
972 1600 1197 1641 moresque
1221 1585 1445 1628 sinistros-

155 1657 181 1678 “
207 1658 366 1699 Dicam
389 1657 604 1712 equidem,
628 1657 731 1699 licet
753 1672 876 1699 arma
899 1657 1010 1698 inihi
1032 1662 1305 1711 mortemque
1328 1655 1549 1697 minetur-

155 1728 183 1749 “
201 1728 392 1770 Lumina
414 1733 483 1770 tot
506 1728 712 1770 cecidisse
736 1729 913 1782 ducum,
939 1732 1165 1783 totamque
1188 1727 1388 1768 videmus

155 1798 182 1819 “
202 1799 454 1842 Consedisse
475 1799 626 1841 urbem
648 1799 790 1853 luctu,
816 1799 922 1840 dum
946 1797 1078 1839 -Tro'i‘a
1103 1802 1247 1839 tentat
1492 1795 1578 1838 350

155 1870 184 1891 “
203 1871 372 1925 Castra,
395 1870 526 1926 fugae
547 1869 699 1924 fidens,
724 1875 768 1912 et
792 1869 961 1912 coelum
983 1868 1157 1911 territat
1181 1865 1323 1910 armis,

155 1943 182 1963 ‘⁶
203 1943 359 1986 Unum
376 1943 510 1985 etiam
531 1942 654 1985 donis
676 1942 784 1997 istis,
810 1956 921 1997 quae
943 1940 1135 1997 plurima
1158 1938 1279 1980 mitti

155 2013 182 2034 “
201 2013 465 2055 Dardanidis
487 2012 659 2068 dicique
677 2011 817 2067 jubes,
841 2026 997 2066 unum,
1022 2010 1188 2066 optime
1212 2023 1376 2065 regum,

156 2083 184 2104 “
201 2083 409 2138 Adjicias,
433 2098 512 2125 nec
534 2087 580 2125 te
603 2083 738 2125 ullius
761 2081 968 2125 violentia
990 2081 1156 2136 vincat,

155 2143 182 2174 ‘²
201 2153 318 2207 Quin
338 2158 491 2194 natam
513 2153 681 2209 egregio
703 2166 857 2208 genero
878 2151 1109 2208 dignisque
1131 2149 1384 2206 hymenaeis
1489 2149 1577 2191 350

156 2225 181 2244 “
199 2224 290 2266 Des
312 2228 450 2279 pater,
475 2229 519 2264 et
542 2237 695 2278 pacem
716 2223 829 2264 hanc
848 2227 1024 2264 aeterno
1046 2221 1214 2263 foedere
1237 2220 1394 2261 firmes.

155 2295 183 2316 ‘⁶
203 2295 328 2347 Quod
351 2293 386 2335 si
409 2298 561 2335 tantus
584 2293 717 2334 habet
741 2297 910 2333 mentes
934 2296 978 2333 et
1000 2294 1178 2346 pectora
1200 2295 1347 2343 terror,

156 2364 182 2385 ‘⁶
201 2365 357 2420 Ipsum
378 2363 663 2417 obtestemur,
686 2361 945 2416 veniamque
969 2374 1137 2402 oremus
1160 2359 1214 2400 ab
1238 2357 1346 2413 ipso,

156 2435 183 2456 ‘⁴
204 2435 357 2489 Cedat,
376 2434 448 2490 jus
471 2433 694 2489 proprium
717 2431 809 2488 regi
831 2431 1085 2487 patriaeque
1109 2429 1321 2472 remittat.

157 2505 184 2526 ‘⁶
203 2505 319 2558 Quid
340 2504 516 2546 miseros
540 2503 670 2545 toties
692 2502 738 2544 in
760 2507 912 2558 aperta
935 2501 1126 2557 pericula
1150 2499 1266 2541 cives

155 2575 183 2597 “
202 2575 396 2631 Projicis,
421 2589 445 2617 o
467 2573 593 2616 Latio
616 2577 749 2628 caput
773 2572 923 2615 horum
948 2576 992 2614 et
1015 2585 1145 2614 eausa
1170 2568 1385 2611 malorum
1409 2567 1429 2608 ‚9
