1741 2902
656 155 883 187 AENEIDos
916 160 1001 191 Lm.
1037 161 1099 192 ix.
1519 160 1604 203 195

175 254 205 277 ‘⁶
224 256 427 316 Quisquis
448 259 494 302 in
515 275 636 304 arma
658 267 825 308 vocas.''
889 266 951 309 Et
975 268 1034 310 sic
1057 269 1217 313 effatus
1241 273 1296 314 ad
1320 275 1482 318 undam

172 325 404 384 Processit,
430 345 686 387 summoque
709 334 859 377 hausit
883 337 935 379 de
958 340 1130 395 gurgite
1152 342 1368 399 lymphas,

171 396 318 440 Multa
340 400 440 443 deos
463 415 601 458 orans,
626 407 906 463 oneravitque
930 411 1106 454 aethera
1128 415 1250 458 votis.

167 468 360 526 Jamque
384 473 522 515 omnis
546 477 711 532 campis
735 480 950 523 exercitus
973 482 1066 525 ibat
1089 486 1263 541 apertis,
1540 492 1597 536 25

169 538 301 583 Dives
324 548 499 600 equum,
523 546 642 589 dives
665 548 802 604 pictai
824 553 956 594 vestis
979 563 1023 595 et
1046 556 1139 598 auri
1160 570 1194 599 :-

168 609 395 669 Messapus
418 616 582 671 primas
605 619 732 675 acies,
756 627 977 677 postrema
1003 631 1205 670 coercent

166 680 404 736 Tyrrhidae
420 685 632 742 juvenes,
668 692 811 734 medio
835 693 927 736 dux
950 697 1124 752 agmine
1148 699 1324 743 Turnus

169 748 392 804 [Vertitur
413 770 536 799 arma
558 764 726 816 tenens,
751 767 796 804 et·
819 768 913 806 toto
936 768 1094 810 vertice
1119 784 1249 826 supra
1271 777 1337 814 est
1353 773 1413 830 2]-

163 821 256 865 Ceu
279 830 448 881 septem
471 843 650 885 surgens
673 833 834 876 sedatis
856 836 1059 880 amnibus
1081 840 1199 883 altus
1532 848 1590 889 30

161 891 247 934 Per
268 895 456 938 tacitum
480 898 668 956 Ganges,
693 907 771 944 aut
796 904 949 961 pingui
971 907 1151 951 flumine
1176 911 1307 955 Nilus

160 961 308 1015 Quum
330 966 476 1010 refluit
499 970 665 1026 campis
688 977 731 1014 et
748 972 842 1027 jam
865 989 907 1016 se
931 978 1126 1021 condidit
1151 982 1283 1025 alveo.

158 1032 244 1076 Hic
268 1036 463 1079 subitam
484 1039 607 1095 nigro
629 1042 858 1097 glomerari
880 1047 1056 1101 pulvere
1078 1051 1242 1094 nubem

156 1102 436 1161 Prospiciunt
460 1108 631 1165 Teucri,
656 1126 706 1154 ac
728 1115 928 1158 tenebras
951 1116 1173 1176 insurgere
1196 1124 1373 1180 campis,

156 1173 333 1219 Primus
355 1179 411 1220 ab
433 1180 613 1223 adversa
635 1184 882 1229 conclamat
905 1189 1017 1231 mole
1042 1190 1201 1235 Caicus
1219 1207 1228 1237 ε
1527 1199 1584 1243 35

155 1244 182 1264 “
202 1245 308 1298 Quis
330 1248 497 1306 globus,
522 1266 545 1293 o
569 1252 696 1309 cives,
722 1255 905 1313 caligine
928 1260 1118 1305 volvitur
1141 1268 1238 1306 atra
1258 1267 1279 1308 Ρ

154 1315 180 1336 “
199 1316 331 1360 Ferte
354 1320 431 1362 citi
453 1322 629 1379 ferrum,
654 1325 755 1367 date
778 1328 880 1383 tela,
907 1333 1129 1375 ascendite
1152 1349 1323 1380 muros:

152 1386 180 1407 ‘⁶
199 1387 352 1433 Hostis
375 1393 512 1447 adest,
537 1394 604 1436 eia
625 1399 632 1439 Ξ
652 1397 677 1413 ”
740 1397 918 1454 Ingenti
940 1402 1123 1445 clamore
1146 1420 1222 1460 per
1242 1421 1393 1451 omnes

152 1458 360 1503 Condunt
384 1477 428 1504 se
453 1464 612 1507 Teucri
633 1473 796 1524 portas,
821 1475 865 1511 et
887 1473 1060 1515 moenia
1082 1477 1305 1532 complent
1326 1493 1335 1522 ε

148 1528 351 1586 Namque
373 1533 438 1575 ita
460 1534 686 1579 discedens
708 1547 988 1596 praeceperat
1010 1544 1205 1598 optimus
1227 1548 1358 1590 armis
1520 1551 1578 1593 40

146 1600 332 1657 Aeneas,
358 1603 395 1645 si
417 1617 505 1659 qua
526 1605 694 1653 interea
715 1608 891 1652 fortuna
912 1611 1080 1669 fuisset,

145 1670 246 1714 Neu
268 1677 435 1716 struere
457 1676 668 1720 auderent
691 1679 842 1736 aciem,
865 1696 953 1724 neu
974 1685 1148 1727 credere
1169 1701 1321 1744 campo
1338 1703 1348 1743 ;

146 1742 301 1786 Castra
322 1746 451 1788 modo
473 1752 518 1789 et
540 1752 661 1791 tutos
684 1758 902 1794 servarent
924 1768 1079 1810 aggere
1101 1771 1259 1802 muros.

143 1811 260 1869 Ergo
281 1814 365 1857 etsi
386 1816 577 1859 conferre
598 1832 782 1863 manum
802 1822 943 1877 pudor
962 1824 1112 1881 iraque
1134 1834 1363 1885 monstrat,

146 1882 374 1939 Objiciunt
396 1893 546 1943 portas
569 1893 735 1947 tamen,
759 1897 804 1935 et
827 1901 1060 1951 praecepta
1082 1897 1318 1957 facessunt,
1514 1904 1572 1949 45

140 1952 403 2011 Armatique
426 1955 542 2014 cavis
566 1966 827 2016 exspectant
849 1965 1042 2008 turribus
1063 1967 1248 2013 hostem.

142 2022 330 2081 Turnus,
355 2032 407 2068 ut
430 2033 533 2071 ante
555 2030 706 2073 volans
728 2034 907 2076 tardum
930 2045 1222 2091 praecesserat
1245 2055 1416 2098 agmen,

139 2093 315 2151 Viginti
336 2097 460 2141 lectis
482 2101 682 2156 equitum
703 2104 942 2148 comitatus
964 2113 1008 2150 et
1031 2110 1128 2152 urbi

140 2165 408 2222 Improvisus
431 2171 584 2215 adest:
619 2175 806 2217 maculis
828 2179 1195 2231 quem-Thracius
1219 2183 1328 2226 albis

138 2238 292 2281 Portat
314 2254 465 2296 eqUUS,
490 2242 708 2299 cristaque
731 2247 844 2302 tegit
866 2249 991 2302 galea
1014 2264 1145 2293 aurea
1167 2253 1307 2296 rubra.
1508 2258 1566 2300 50

138 2308 165 2329 ‘⁴
185 2309 350 2365 Ecquis
374 2311 470 2366 erit,
494 2326 684 2369 mecum,
703 2314 898 2372 juvenes,
924 2318 999 2372 qui
1022 2319 1188 2375 primus
1209 2322 1255 2363 in
1278 2322 1521 2369 hostem...?

137 2378 164 2399 ‘⁴
182 2379 253 2421 En
271 2384 279 2424 ἒ
299 2381 324 2399 ”
347 2381 425 2436 ait,
450 2387 494 2424 et
511 2382 711 2438 jaculum
732 2391 989 2442 attorquens
1011 2390 1178 2433 emittit
1194 2392 1246 2434 in
1269 2407 1410 2451 auras,

137 2450 409 2507 Principium
433 2468 621 2511 pugnae,
647 2461 692 2498 et
714 2472 867 2514 campo
890 2474 980 2503 sese
1003 2462 1166 2505 arduus
1187 2463 1330 2508 infert.

113 2514 334 2566 ⁵'Clamore
356 2525 584 2581 excipiunt
607 2527 722 2584 socii,
745 2524 1013 2586 fremituqu‘e
1036 2539 1283 2588 sequuntur

134 2591 394 2650 Horrison03
429 2596 646 2640 Teucrum
669 2599 884 2644 mirantur
905 2603 1065 2645 inertia
1087 2605 1231 2661 corda,
1500 2611 1557 2654 55
