1741 2902
612 135 843 164 AmNfflDos
875 135 961 165 Lm.
998 136 1078 166 XII.
1470 122 1554 168 277

141 243 166 264 ‘⁴
184 243 344 299 Turne,
368 257 444 299 per
465 242 544 285 has
567 257 644 299 ego
668 248 711 285 te
733 243 947 298 lacrimas,
973 257 1048 298 per
1070 243 1106 285 si
1128 242 1228 297 quis
1251 242 1441 285 Amatae

141 315 167 337 “
187 317 349 372 Tangit
371 317 503 358 honos
526 315 864 372 animum-spes
888 321 938 358 tu
961 330 1077 357 nunc
1102 330 1203 370 una,
1229 320 1430 357 senectae

141 390 168 410 ‘⁴
188 390 257 431 Tu
278 389 446 444 requies
468 389 659 443 miserae,
684 389 814 431 decus
836 388 1151 444 imperiumque
1175 388 1324 430 Latini

141 460 167 480 ‘⁶
184 460 245 502 Te
268 474 414 515 penes,
439 459 483 501 in
507 464 552 501 te
575 459 714 502 omnis
736 460 891 502 domus
912 459 1125 501 inclinata
1149 459 1364 502 recumbit
1380 485 1422 514 -,
1438 465 1449 470 '

141 530 166 550 ‘²
186 530 341 573 Unum
363 545 458 573 oro:
494 530 653 572 desiste
676 545 857 572 manum
880 531 1155 572 committere
1180 531 1370 574 Teucris.
1507 530 1563 573 60

141 601 168 621 ‘⁴
190 601 275 654 Qui
298 607 340 644 te
364 616 550 657 cumque
573 607 753 644 manent
775 602 858 644 isto
882 602 1115 644 certamine
1139 617 1277 657 casus,

142 671 168 692 “
188 671 248 713 Et
271 686 352 727 me,
379 671 540 726 Turne,
566 677 767 715 manent:
810 672 941 714 simul
962 672 1068 714 hacc
1091 673 1229 715 invisa
1254 673 1500 728 relinquam

143 741 169 761 “
185 742 388 796 Lumina,
414 757 491 784 nec
515 757 720 797 generum
743 742 925 784 Aenean
948 743 1122 798 captiva
1145 744 1338 787 videbo.”

142 811 328 867 Accepit
350 827 498 854 vocem
519 812 707 854 lacrimis
729 812 913 854 Lavinia
938 813 1089 856 matris

142 882 178 924 F
185 883 401 938 lagrantes
423 883 596 939 perfusa
618 898 763 939 genas,
789 884 859 925 cui
880 884 1094 939 plurimus
1118 885 1266 940 ignem
1509 886 1565 928 65

145 953 340 1010 Subjecit
363 955 501 1009 rubor,
528 959 572 996 et
596 954 807 997 calefacta
829 970 906 1009 per
927 969 999 996 ora
1022 955 1223 997 cucurrit.

143 1025 305 1067 Indum
329 1025 564 1081 sanguineo
585 1025 723 1067 veluti
744 1025 967 1067 violaverit
990 1030 1104 1067 ostro

145 1095 190 1138 Si
213 1095 310 1150 quis
333 1095 450 1151 ebur,
475 1101 552 1137 aut
575 1095 716 1150 mixta
739 1096 895 1138 rubent
917 1095 994 1137 ubi
1015 1096 1107 1137 lilia
1128 1095 1272 1138 multa

144 1165 260 1208 Alba
283 1179 402 1208 rosa:
437 1166 547 1208 tales
568 1166 685 1222 virgo
708 1161 842 1208 dabat
868 1180 936 1208 ore
960 1166 1135 1208 colores?

145 1236 279 1278 Illum
301 1237 452 1279 turbat
474 1251 606 1292 amor,
629 1237 814 1293 figitque
836 1237 882 1279 in
904 1237 1067 1293 virgine
1089 1237 1252 1279 vultus.
1511 1234 1569 1280 70

146 1306 285 1350 Ardet
308 1307 353 1349 in
376 1322 498 1349 arma
519 1307 670 1364 magis,
695 1307 929 1363 paucisque
953 1307 1115 1350 affatur
1137 1307 1351 1349 Amatam
1372 1322 1382 1351 t

148 1377 174 1397 ‘⁶
189 1377 272 1432 Ne,
297 1392 469 1433 quaeso,
493 1392 546 1420 ne
569 1393 639 1420 me
662 1378 850 1420 lacrimis
874 1393 981 1420 neve
1004 1378 1146 1420 omine
1169 1383 1298 1420 tanto

149 1447 176 1468 ‘⁶
195 1447 457 1503 Prosequere
479 1449 526 1490 in
547 1448 644 1490 duri
665 1448 902 1490 certamina
926 1448 1081 1490 Martis
1104 1454 1296 1503 euntem,

150 1517 175 1538 ‘⁴
199 1517 234 1561 Ο
259 1523 426 1561 mater:
461 1533 601 1573 neque
624 1519 738 1560 enim
764 1518 1052 1560 Turnoffnora
1075 1518 1210 1560 libera
1233 1518 1397 1561 mortis.

151 1588 178 1609 ‘⁵
197 1588 395 1630 Nuntius
416 1589 522 1630 haec
547 1589 706 1631 Idmon
728 1589 917 1645 Phrygio
939 1604 1036 1631 mea
1059 1589 1127 1631 dic
1137 1594 1179 1630 ta
1202 1594 1388 1643 tyranno
1513 1585 1571 1631 75

151 1659 178 1680 ‘⁶
196 1658 330 1702 Haud
353 1659 567 1715 placitura
590 1659 719 1703 refer:
757 1660 904 1713 Quum
925 1660 1117 1716 primum
1140 1659 1329 1701 crastina
1352 1658 1468 1701 coelo

152 1731 178 1751 ‘⁴
200 1731 403 1774 Puniceis
424 1732 596 1774 invecta
619 1733 722 1775 rotis
745 1732 916 1774 Aurora
937 1733 1114 1774 rubebit
1132 1747 1141 1785 ;

153 1801 180 1823 (ζ
198 1802 300 1844 Non
323 1802 509 1845 Teucros
532 1808 635 1859 agat
657 1803 703 1844 in
721 1803 909 1845 Rutulos
927 1817 936 1846 :
974 1803 1194 1845 Teucrum
1210 1816 1330 1844 arma
1348 1802 1575 1857 quiescant

153 1871 257 1914 “Et
280 1872 465 1927 Rutulig
499 1878 645 1915 nostro
667 1873 921 1915 dirimamus
946 1873 1155 1930 sanguine
1176 1872 1354 1915 bellum.

154 1940 181 1963 ‘⁶
197 1942 281 1984 Illo
304 1948 538 1998 quaeratur
559 1942 718 1998 conjux
739 1942 925 1985 Lavinia
946 1944 1144 1999 campo.''
1519 1941 1577 1983 80

153 2012 276 2055 Haec
299 2013 376 2055 ubi
397 2013 518 2056 dicta
540 2014 661 2056 dedit
683 2014 946 2070 rapidusque
966 2013 1013 2056 in
1035 2018 1155 2056 tecta
1177 2013 1354 2055 recessit
1373 2026 1384 2066 ;

155 2083 303 2125 Poscit
325 2097 471 2139 equos,
495 2084 744 2140 gaudetque
766 2090 894 2127 tuens
917 2090 1020 2126 ante
1043 2099 1115 2127 ora
1136 2083 1389 2138 frementes,

156 2153 362 2195 Pilumno
385 2168 490 2209 quos
510 2154 606 2210 ipsa
627 2155 758 2197 decus
780 2155 902 2197 dedit
927 2154 1158 2210 Orithyia:

158 2223 242 2276 Qui
263 2224 444 2265 candore
467 2223 586 2266 nives
608 2224 838 2279 anteirent,
863 2224 1059 2266 cursibus
1081 2238 1220 2266 auras,

159 2293 458 2337 Circumstant
480 2294 650 2350 properi
672 2293 859 2350 aurigae,
883 2293 1170 2348 manibusque
1192 2292 1411 2333 lacessunt
1519 2292 1575 2334 85

159 2365 343 2407 Pectora
364 2365 519 2421 plausa
540 2364 672 2420 cavis,
697 2370 741 2407 et
764 2364 874 2407 colla
895 2363 1115 2406 comantia
1137 2367 1338 2418 pectunt.

138 2435 258 2491 lpse
282 2435 436 2478 dehine
459 2450 562 2477 auro
585 2436 860 2491 squalentem
882 2434 1065 2488 alboque
1088 2433 1302 2475 orichalco

161 2507 415 2549 Oircumdat
437 2507 618 2549 loricam
639 2506 830 2548 humeris
847 2519 858 2559 ;
892 2504 1024 2547 simul
1046 2509 1176 2560 aptat
1198 2503 1397 2546 habendo

163 2575 412 2632 Ensemque
435 2577 711 2633 clipeumque
734 2580 778 2618 et
801 2575 955 2617 rubrae
977 2588 1135 2616 cornua
1157 2573 1329 2624 cristae,
