1731 2923
565 147 797 178 AENEIDos
828 148 916 180 mn.
951 148 979 180 1.
1424 137 1479 180 21

48 256 78 302 ‘.‘
96 257 233 315 Urbe,
255 257 398 313 domo,
423 255 558 299 socias
578 270 588 300 :
623 261 769 313 grates
791 255 1031 312 persolvere
1054 255 1210 312 dignas
1396 257 1484 300 600

49 327 78 350 “
94 328 196 371 Non
219 327 313 385 opis
335 333 402 370 est
426 331 614 382 nostrae,
641 327 771 382 Dido,
795 341 875 369 nec
898 326 1115 383 quidquid
1135 326 1299 383 ubique
1323 332 1389 369 est

50 398 78 420 ‘⁶
96 398 254 442 Gentis
279 397 540 453 Dardaniae,
559 412 774 453 magnum
796 411 909 453 quae
933 412 1081 453 sparsa
1104 411 1182 453 per
1204 397 1363 440 orbem.

50 468 79 491 “
99 470 156 512 Di
183 469 277 525 tibi,
302 469 338 512 si
360 483 450 525 qua
466 468 560 525 pios
583 473 833 525 respectant
856 468 1053 523 numina,
1079 468 1115 510 si
1137 468 1244 524 quid
1315 458 1325 465 ⁶

16 571 21 576 -
50 540 78 562 “
98 540 303 597 Usquam
319 539 499 596 justitia
522 544 589 582 est
612 544 656 581 et
679 553 802 581 mens
826 538 909 581 sibi
931 539 1100 581 censcia
1122 539 1242 594 recti,

50 612 77 633 ‘⁴
94 611 298 654 Praemia
319 611 453 668 digna
474 610 630 654 ferant.
696 610 818 664 Quae
840 615 886 653 te
909 615 1003 654 tam
1026 610 1146 652 laeta
1165 610 1365 653 tulerunt
1399 611 1486 654 605

51 682 78 703 ‘⁶
102 682 288 726 Saecula
311 683 333 726 ‚9
369 681 447 738 qui
468 680 587 723 tanti
608 681 746 723 talem
767 695 956 738 genuere
979 686 1180 738 parentes
1200 683 1221 725 Ρ

53 753 80 774 “
101 753 157 795 In
177 753 290 796 freta
311 753 420 796 dum
441 752 566 794 fluvii
587 757 778 808 current,
803 752 910 794 dum
932 752 1159 795 montibus
1182 753 1366 795 umbrae

50 824 80 848 ‘⁶
96 824 375 868 Lustrabunt
398 838 604 880 convexa,
628 823 755 880 polus
776 824 886 866 dum
908 824 1049 867 sidera
1070 829 1221 880 pascet
1243 838 1253 878 3

52 895 80 917 “
101 896 284 952 Semper
304 895 441 938 honos
465 908 713 950 nomenque
736 900 866 937 tuum
887 895 1125 951 laudesque
1147 895 1405 955 manebunt,

52 965 80 987 “
96 966 219 1020 Quae
240 980 310 1008 me
333 979 522 1021 cumque
539 970 700 1007 vocant
721 966 902 1009 terrae?
915 991 925 1011 ι
938 965 1008 1009 Sic
1031 965 1165 1020 fatus,
1184 965 1376 1008 amicum
1401 967 1488 1010 610

51 1036 219 1080 Ilionea
241 1035 356 1094 petit
378 1036 549 1091 dextra,
573 1035 787 1091 laevaque
813 1035 1052 1091 Serestum,

51 1108 161 1151 Post
183 1107 304 1163 alios,
327 1107 573 1164 fortemque
598 1106 745 1163 Gyan,
769 1105 1016 1162 sortemque
1041 1106 1325 1150 Cloanthum.

52 1178 299 1235 Obstupuit
321 1178 462 1235 primo
485 1178 701 1235 adspectu
725 1177 906 1221 Sidonia
930 1177 1061 1233 Dido,

53 1251 171 1295 Casu
192 1250 349 1293 deinde
371 1248 454 1292 viri
476 1253 616 1305 tanto,
642 1254 686 1291 et
710 1248 770 1291 sic
793 1263 864 1291 ore
885 1248 1036 1291 locuta
1059 1253 1126 1291 est
1146 1262 1156 1293 :

54 1321 83 1343 ‘⁴
104 1320 213 1375 Quis
236 1326 294 1376 te,
317 1325 423 1363 nate
445 1320 540 1376 dea,
564 1334 642 1377 per
664 1325 794 1363 tanta
815 1320 1009 1376 pericula
1031 1335 1158 1363 casus
1404 1321 1491 1364 615

54 1390 84 1415 “
101 1391 358 1448 Insequitur
372 1392 394 1435 ?
429 1405 541 1447 quae
563 1390 629 1434 vis
650 1391 916 1434 immanibus
938 1391 1137 1448 applicat
1161 1390 1245 1434 oris
1265 1392 1287 1435 Ρ
1310 1423 1324 1429 ,ψ

54 1462 82 1484 “
103 1463 229 1506 Tune
250 1463 325 1506 ille
347 1462 536 1518 Aeneas,
564 1477 697 1519 quem
721 1462 944 1505 Dardanio
966 1463 1189 1506 Anchisae

55 1533 84 1556 ‘⁴
101 1534 238 1577 Alma
259 1533 414 1576 Venus
437 1533 619 1589 Phrygii
641 1532 794 1589 genuit
819 1533 1054 1576 Simoentis
1076 1533 1132 1575 ad
1154 1533 1351 1576 undam?
1376 1532 1419 1591 g

59 1605 86 1626 ‘⁴
105 1605 259 1661 Atque
281 1603 487 1660 equidem
511 1603 734 1645 Teucrum
755 1603 938 1644 memini
962 1603 1124 1646 Sidona
1145 1602 1289 1644 venire

57 1674 84 1695 ‘⁴
99 1673 285 1717 Finibus
308 1673 543 1729 expulsum
565 1671 735 1728 patriis,
760 1686 872 1714 nova
894 1686 1029 1728 regna
1050 1678 1280 1729 petentem
1404 1672 1492 1715 620

57 1743 84 1766 ‘⁶
104 1743 286 1787 Auxilio
309 1742 406 1785 Beli
424 1756 436 1797 3
470 1742 640 1798 genitor
661 1747 761 1784 tum
784 1742 918 1784 Belus
941 1741 1135 1798 opimam

60 1815 88 1836 ‘⁶
108 1814 327 1858 Vastabat
352 1813 561 1870 Cyprum,
585 1817 630 1854 et
653 1812 790 1855 victor
811 1812 978 1854 dicione
1001 1814 1193 1856 tenebat.

58 1886 86 1908 “
106 1886 319 1942 Tempore
334 1884 431 1942 jam
452 1898 508 1926 ex
528 1883 602 1926 illo
625 1897 751 1928 casus
774 1883 883 1925 mihi
905 1883 1108 1940 cognitus
1131 1883 1250 1926 urbis

58 1957 87 1980 “
108 1956 335 2014 Trojanae,
359 1969 604 2011 nomenque
628 1960 773 2010 tuum,
797 1968 1009 2012 regesque
1032 1955 1220 2012 Pelasgi.

59 2028 86 2050 “
103 2029 206 2085 Ipse
227 2027 364 2070 hostis
388 2026 578 2069 Teucros
598 2025 761 2082 insigni
783 2025 914 2068 laude
935 2025 1117 2082 ferebat,
1407 2027 1494 2071 625

60 2099 88 2121 ‘⁴
107 2099 249 2155 Seque
273 2102 420 2140 ortum
442 2096 629 2152 antiqua
653 2095 924 2139 Teucrorum
946 2096 1003 2139 ab
1027 2096 1163 2153 stirpe
1185 2097 1370 2140 volebat.

60 2170 88 2193 “
108 2170 252 2224 Quare
274 2168 405 2225 agite,
429 2182 454 2210 o
476 2167 607 2210 tectis
622 2167 806 2223 juvenes
830 2168 1049 2211 succedite
1071 2168 1239 2210 nostris.

61 2241 89 2264 ‘⁴
107 2241 181 2284 Me
204 2253 377 2297 quoque
400 2253 479 2295 per
497 2238 662 2280 multos
685 2237 837 2281 similis
858 2238 1035 2281 fortuna
1056 2238 1223 2280 labores

62 2313 88 2334 ‘⁴
103 2312 135 2356 J
137 2316 335 2355 actatam
354 2309 438 2352 hac
459 2309 640 2352 demum
660 2308 801 2351 voluit
824 2308 1058 2352 consistere
1082 2313 1196 2351 terra
1218 2321 1228 2352 ε

63 2384 89 2404 “
109 2383 212 2426 Non
232 2382 386 2439 ignara
408 2379 516 2423 mali
538 2378 704 2422 miseris
728 2393 974 2422 succurrere
997 2379 1155 2422 djsoo.”
1408 2379 1496 2422 630

64 2455 135 2500 Sic
157 2456 385 2507 memorat,
410 2451 543 2494 simul
563 2450 747 2493 Aenean
769 2450 816 2492 in
838 2449 955 2506 regia
977 2449 1102 2492 ducit

63 2525 216 2580 Tecta,
241 2523 374 2567 simul
395 2522 548 2565 divum
570 2520 750 2578 templis
771 2520 928 2563 indicit
944 2520 1162 2565 honorem.

67 2596 158 2640 Nec
181 2594 328 2638 minus
348 2593 518 2637 interea
541 2591 665 2636 sociis
686 2592 743 2635 ad.
764 2591 894 2635 litora
915 2591 1061 2634 mittit
