1757 2916
225 125 283 171 48
729 137 962 169 AENEIDos
996 137 1084 168 Lm.
1121 136 1166 166 11.

227 247 469 292 Confusam
492 246 655 304 eripuit
679 251 874 289 mentem
896 261 905 290 ε
940 259 1134 301 namque
1157 244 1255 287 avia
1277 256 1407 287 cursu

227 320 347 362 Dum
370 334 526 376 sequor
548 325 593 361 et
616 323 722 361 nota
745 318 908 360 excedo
932 316 1104 373 regione
1128 316 1317 370 viarum,

174 404 182 409 ·
223 389 346 445 Heu,
370 391 526 433 misero
549 389 710 446 conjux
732 389 881 431 fatone
905 394 1056 444 crepta
1080 387 1244 431 Creusa

227 461 456 516 Substitit,
483 460 696 503 erravitne
718 459 802 515 via,
828 473 904 502 seu
925 459 1040 501 lassa
1065 458 1239 513 resedit,

224 532 450 575 Incertum
472 545 483 586 3
518 546 597 574 nec
622 535 721 587 post
744 530 881 573 oculis
904 534 971 572 est
994 529 1168 571 reddita
1193 527 1355 589 nostris
1376 542 1386 582 ;
1576 524 1663 571 740

223 602 315 646 Nec
339 603 459 659 prius
481 602 691 645 amissam
713 601 882 657 respexi
904 600 1159 642 animumve
1182 599 1348 652 reflexi,

222 674 366 727 Quam
391 674 618 715 tumulum
640 672 850 728 antiquae
876 670 1043 714 Cereris
1067 671 1302 726 sedemque
1325 674 1540 712 sacratam

227 743 438 787 Venimus
459 758 468 787 :
503 743 575 786 hic
598 743 777 785 demum
800 741 993 784 collectis
1015 740 1220 783 omnibus
1242 754 1333 782 una
1353 781 1357 785 .

228 812 396 870 Defuit,
421 819 465 857 et
488 813 670 857 comites
692 817 938 869 natumque
961 812 1192 868 virumque
1212 810 1379 855 fefellit.

224 886 367 939 Quem
388 900 475 928 non
496 884 696 929 incusavi
717 899 869 927 amens
892 871 1212 940 hominumque
1234 884 1517 939 deorumque,
1573 881 1662 927 745

223 956 322 1000 Aut
345 956 452 1013 quid
474 956 521 998 in
545 970 692 999 eversa
714 955 806 998 vidi
828 955 1049 998 crudelius
1072 954 1176 997 urbe
1196 955 1217 998 Ρ

224 1027 471 1071 Ascanium
492 1026 804 1083 Anchisenque
827 1031 1004 1083 patrem
1027 1025 1306 1082 Teucrosque
1330 1025 1521 1068 Penates

220 1098 492 1142 Commendo
515 1098 654 1154 sociis,
678 1103 723 1140 et
746 1112 878 1140 curva
899 1097 1013 1140 valle
1035 1097 1218 1140 recondo
1237 1111 1247 1151 3

218 1169 321 1226 Ipse
344 1170 498 1212 urbem
520 1175 692 1225 repeto,
707 1174 752 1212 et
775 1169 922 1226 cingor
942 1169 1218 1226 fulgentibus
1241 1168 1400 1212 armis:

221 1240 322 1284 Stat
345 1255 472 1283 casus
495 1255 700 1283 renovare
725 1254 887 1296 omnes,
912 1254 1175 1296 omnemque
1198 1239 1357 1282 reverti
1571 1236 1661 1283 750

219 1311 306 1354 Per
330 1312 520 1368 Trojam,
545 1317 590 1355 et
612 1327 762 1354 rursus
784 1316 921 1368 caput
944 1311 1160 1368 objectare
1184 1310 1370 1367 periclis.

218 1382 442 1440 Principio
466 1398 612 1426 muros
635 1384 906 1439 obscuraque
929 1383 1082 1425 limina
1106 1388 1273 1439 portae,

217 1454 317 1508 Qua
339 1469 537 1510 gressum
560 1455 823 1510 extuleram,
848 1460 1012 1511 repeto,
1039 1459 1083 1497 et
1107 1454 1293 1510 vestigia
1315 1458 1432 1497 retro

216 1524 463 1568 Observata
481 1540 636 1581 sequor
658 1539 734 1581 per
756 1530 934 1567 noctem
958 1529 1002 1567 et
1025 1525 1192 1567 lumine
1213 1525 1381 1569 lustro:

216 1596 380 1639 Horror
400 1596 563 1653 ubique
586 1596 770 1652 animos,
795 1596 927 1639 simul
947 1596 1043 1653 ipsa
1067 1596 1240 1639 silentia
1261 1601 1443 1640 terrent.
1569 1593 1658 1640 '755

215 1666 327 1711 Inde
350 1668 544 1723 domum,
571 1668 608 1712 si
629 1668 740 1711 forte
762 1669 933 1725 pedem,
957 1668 994 1711 si
1015 1668 1141 1725 forte,
1165 1667 1355 1724 tulisset,
1720 1662 1722 1664 ’

217 1737 290 1781 Me
312 1738 476 1783 refero:
511 1739 727 1783 irruerant
750 1739 898 1781 Danai
919 1744 965 1782 et
986 1744 1160 1782 tectum
1180 1753 1309 1782 omne
1331 1739 1554 1783 tenebant,

214 1809 346 1852 Ilicet
367 1809 481 1866 ignis
504 1810 619 1852 edax
642 1825 817 1854 summa
838 1811 895 1853 ad
915 1807 1095 1867 fastigia
1117 1815 1252 1853 vento
1371 1815 1376 1819 '

218 1879 457 1934 Volvitur3
493 1885 760 1936 exsuperant
782 1880 1003 1936 fiammae,
1026 1880 1135 1923 furit
1158 1885 1308 1923 aestus
1330 1880 1387 1923 ad
1409 1894 1549 1924 auras.

217 1949 412 1992 Procedo
434 1955 479 1992 et
502 1949 670 1993 Priami
692 1951 813 1993 sedes
836 1964 1066 2007 arcemque
1089 1951 1250 1994 reviso:
1569 1950 1658 1997 760

215 2018 280 2062 Et
296 2019 391 2076 jam
413 2020 652 2076 porticibus
674 2020 823 2063 vacuis
844 2021 876 2064 J
881 2021 1036 2064 unonis
1059 2022 1179 2078 asylo

218 2090 435 2134 Custodes
457 2091 561 2134 lecti
583 2091 782 2134 Phoenix
804 2097 848 2134 ct
870 2092 990 2135 dirus
1013 2092 1171 2135 Ulixes

216 2161 435 2205 Praedam
458 2163 769 2207 asservabant:
804 2163 891 2206 huc
913 2163 1109 2219 undique
1133 2163 1264 2207 Troia
1287 2179 1396 2221 gaza.

215 2233 412 2276 Incensis
435 2239 586 2290 erepta
607 2234 768 2290 adytis,
792 2249 1054 2291 mensaeque
1076 2235 1274 2291 deorum,

217 2305 505 2361 Cratercsque
528 2320 632 2348 auro
655 2305 794 2362 solidi,
818 2306 1084 2363 captivaque
1106 2306 1241 2349 vestis
1568 2304 1656 2351 765

216 2376 481 2433 Congeritur
497 2391 508 2431 ;
543 2377 668 2434 pueri
690 2383 735 2421 ct
758 2378 942 2435 pavidae
964 2378 1092 2436 longo
1113 2378 1262 2422 ordine
1284 2382 1446 2421 matres

217 2447 349 2491 Stant
372 2448 552 2493 circum.

217 2518 365 2562 Ausus
387 2518 498 2576 quin
519 2519 656 2562 etiam
678 2534 802 2563 voces
819 2520 990 2577 jactare
1012 2535 1088 2578 per
1110 2520 1328 2576 umbram,

217 2589 407 2648 Implevi
428 2590 616 2634 clamore
638 2590 744 2647 vias,
762 2596 1046 2648 maestusque
1065 2591 1277 2636 Creusam
