1757 2916
183 148 243 192 80
671 163 902 193 AENE1Dos
935 163 1022 194 LIB.
1057 157 1120 195 1'v.

183 269 367 314 Aenean
387 269 652 314 fundantem
675 287 792 315 arces
810 287 860 315 ac
884 277 1005 315 tecta
1026 276 1264 315 novantem
1527 272 1617 316 260

185 343 452 400 Conspicit-1
487 350 621 400 atque
643 345 709 387 illi
732 345 937 387 stellatus
953 344 1127 401 jaspide
1148 345 1270 387 fulva

183 414 315 457 Ensis
337 421 442 470 erat,
470 415 685 472 Tyrioque
708 416 891 458 ardebat
913 415 1076 458 murice
1098 416 1226 458 laena

186 485 389 528 Demissa
411 501 465 528 ex
487 486 691 541 humeris,
716 486 837 528 dives
861 500 972 541 quae
991 500 1173 528 munera
1198 487 1315 529 Dido

185 556 368 598 Fecerat
392 562 435 599 et
459 556 583 598 tenui
606 557 717 599 telas
735 556 998 598 discreverat
1020 571 1160 600 auro-.

187 628 405 672 Continuo
422 627 595 669 invadit
616 642 624 671 :
663 627 690 648 ‘⁶
709 628 780 669 Tu
804 641 920 669 nunc
946 627 1225 683 Carthaginis
1243 628 1361 670 altae
1529 628 1618 671 265

187 698 213 719 “
232 699 546 741 Fundamenta
567 698 697 753 locas,
722 698 1041 754 pulchramque
1063 698 1242 741 uxorius
1264 699 1418 740 urbem

187 769 213 789 ‘⁴
232 769 454 824 Exstruis,
477 769 566 811 heu
587 769 708 825 regni
729 783 961 825 rerumque
983 769 1320 812 oblite-tuarum
1339 770 1360 812 Ρ

187 839 216 860 “
234 840 334 896 Ipse
357 840 490 882 deum
511 839 596 883 tibi
616 854 687 883 me
711 840 825 884 claro
847 840 1046 883 demittit
1069 840 1258 897 Olympo

188 911 216 932 ‘⁶
235 911 470 968 Regnator,
495 912 665 954 coelum
687 917 731 955 et
755 918 891 955 terras
914 912 992 968 qui
1014 913 1194 954 numine
1217 917 1394 968 torquet
1414 926 1424 965 3

188 982 216 1003 ‘⁵
234 983 337 1039 Ipse
359 983 467 1025 haec
489 983 599 1026 ferre
616 983 746 1040 jubet
769 984 925 1026 celeres
947 984 1160 1026 mandata
1182 998 1261 1040 per
1282 997 1434 1026 auras:
1531 980 1620 1026 270

189 1054 217 1074 ‘⁶
238 1054 355 1107 Quid
378 1053 524 1110 struis,
549 1060 628 1097 aut
650 1069 740 1111 qua
762 1069 837 1111 spe
859 1054 1036 1111 Libyeis
1060 1055 1164 1097 teris
1187 1055 1277 1098 otia
1300 1054 1425 1097 terris
1445 1055 1466 1096 Ρ

190 1124 219 1146 “
237 1125 283 1169 Si
304 1130 351 1168 te
373 1125 497 1168 nulla
519 1131 666 1169 movet
689 1131 919 1169 tantarum
941 1125 1077 1182 gloria
1101 1140 1258 1181 rerum,

192 1196 218 1217 ‘⁴
237 1196 331 1240 Nec
356 1212 484 1253 super
505 1197 597 1254 ipse
620 1202 700 1240 tua
721 1197 886 1240 moliris
907 1197 1039 1239 laude
1062 1196 1269 1249 laborem,

192 1269 220 1290 “
234 1269 479 1312 Ascanium
501 1274 754 1326 surgentem
776 1273 820 1310 et
843 1283 941 1324 spes
963 1268 1133 1310 heredis
1155 1267 1243 1310 Iuli

191 1340 218 1360 “
238 1340 436 1397 Respice,
456 1340 528 1382 cui
550 1354 735 1396 regnum
756 1338 915 1381 Italiae
939 1338 1224 1394 Romanaque
1247 1337 1380 1380 tellus
1533 1332 1622 1380 275

163 1402 173 1409 ’
192 1411 219 1432 ‘⁶
239 1411 507 1455 Debentur.''
571 1411 674 1453 Tali
697 1410 920 1466 Cyllenius
942 1425 1012 1452 ore
1034 1410 1210 1452 locutus

192 1482 399 1524 Mortales
422 1482 540 1524 visus
563 1481 706 1523 medio
730 1495 925 1523 sermone
948 1479 1139 1535 reliquit,

191 1553 252 1595 Et
275 1553 426 1609 procul
443 1553 489 1595 in
511 1557 692 1595 tenuem
714 1566 769 1594 ex
791 1551 926 1594 oculis
949 1551 1128 1593 evanuit
1150 1564 1316 1592 auram.

190 1624 256 1666 At
278 1638 377 1666 vero
400 1623 575 1666 Aeneas
597 1624 811 1680 adspectu
833 1621 1059 1665 obmutuit
1083 1636 1250 1677 amens,

190 1695 487 1751 Arrectaeque
508 1695 679 1737 horrore
701 1708 865 1750 comae,
890 1699 935 1736 et
957 1708 1042 1736 vox
1062 1692 1265 1735 faucibus
1286 1691 1440 1735 haesit.
1536 1692 1626 1735 280

191 1767 334 1809 Ardet
356 1767 474 1810 abire
495 1766 603 1823 fuga
625 1766 864 1822 dulcesque
886 1765 1128 1821 relinquere
1151 1769 1300 1820 terras,

191 1837 429 1880 Attonitus
452 1842 580 1880 tanto
601 1837 775 1879 monitu
795 1836 1064 1893 imperioque
1085 1836 1277 1877 deorum.

193 1908 297 1950 Heu
319 1908 427 1963 quid
449 1908 588 1963 agat?
625 1921 710 1962 quo
732 1921 850 1948 nunc
874 1905 1070 1961 reginam
1093 1904 1260 1947 ambire
1282 1904 1505 1947 furentem

194 1979 373 2021 Audeat
395 1977 572 2021 affatu?
608 1992 721 2033 quae
743 1977 886 2033 prima
907 1976 1083 2019 exordia
1106 1981 1252 2019 sumat
1273 1977 1294 2018 Ρ

194 2052 346 2105 Atque
364 2049 562 2091 animum
583 2063 700 2091 nunc
722 2048 808 2090 huc
832 2049 1027 2103 celerem,
1051 2062 1169 2090 nunc
1191 2047 1349 2091 dividit
1371 2047 1490 2103 illuc,
1537 2049 1626 2093 285

195 2121 251 2163 In
273 2126 507 2177 partesque
531 2120 646 2177 rapit
669 2120 821 2175 varias,
845 2134 1006 2176 perque
1029 2120 1176 2162 omnia
1197 2125 1353 2163 versat.

196 2192 319 2235 Haec
343 2192 580 2234 alternanti
603 2191 746 2249 potior
769 2192 989 2234 sententia
1011 2191 1104 2233 visa
1127 2197 1216 2235 est:

196 2263 429 2306 Mnesthea
453 2263 794 2319 Sergestumque
817 2269 942 2305 vocat
965 2262 1208 2318 sortemque
1235 2263 1454 2306 Serestum
1473 2276 1482 2306 :

197 2335 392 2378 Classem
414 2340 570 2390 aptent
593 2334 719 2376 taciti
741 2333 961 2389 sociosque
984 2333 1040 2375 ad
1062 2333 1193 2375 litora
1215 2339 1392 2389 cogant,

197 2405 336 2447 Anna
359 2410 515 2462 parent
539 2409 597 2460 et,
622 2418 733 2460 quae
757 2404 883 2445 rebus
906 2403 963 2445 sit
985 2418 1118 2446 causa
1140 2404 1365 2458 novandis,
1540 2403 1627 2447 290

198 2475 521 2530 Dissiinulent;
557 2489 647 2518 sese
671 2475 850 2529 interea,
875 2474 1051 2529 quando
1074 2473 1243 2530 optima
1268 2474 1384 2516 Dido

196 2546 379 2590 Nesciat
401 2552 445 2590 et
468 2552 618 2590 tantos
641 2544 787 2601 rumpi
809 2559 896 2587 non
918 2549 1062 2601 speret
1085 2558 1265 2600 amores,

198 2617 497 2661 Tentaturum
520 2618 666 2661 aditus
689 2621 748 2673 ct,
773 2629 885 2672 quae
907 2614 1164 2658 mollissima
1184 2614 1308 2658 fandi
