1741 2902
585 139 813 169 AENEfflos
847 140 931 170 Lm.
967 139 1027 169 lx.
1440 129 1525 170 ⁸215

103 246 220 290 Tum
243 247 465 304 Meropem
482 252 615 303 atque
632 246 876 303 Erymanta
892 261 1042 302 manu,
1063 251 1161 288 tum
1179 246 1335 289 sternit
1353 246 1526 302 Aphid-

99 318 214 372 'Eum
241 318 392 360 Bitian
414 319 639 360 ardentem
656 318 790 360 oculis
808 318 1051 374 animisque
1069 318 1342 373 frementem,
1367 316 1494 373 [num
1515 333 1525 371 3

100 388 202 431 Non
220 389 543 444 jaculo-neque
567 389 683 430 enim
700 388 846 444 jaculo
868 389 1007 432 vitam
1029 389 1103 432 ille
1126 390 1315 432 dedisset
1329 415 1348 421 -
1361 424 1372 444 ,

101 458 186 502 Sed
208 473 420 514 magnum
443 459 851 502 stridens-contorta
872 459 1094 515 phalarica
1116 459 1254 515 venit,
1439 458 1526 503 705

99 529 319 572 Fulminis
342 535 443 571 acta
464 530 605 585 modo,
630 544 764 586 quam
786 545 865 573 nec
887 531 973 573 duo
996 535 1147 573 taurea
1170 535 1309 587 terga,

97 599 191 642 Nec
215 599 382 655 duplici
404 614 587 655 squama
608 600 739 642 lorica
761 600 900 643 fidelis
923 605 966 642 et
990 615 1093 643 auro

99 670 323 713 Sustinuit
341 684 351 714 ε
387 671 577 726 collapsa
599 676 733 713 ruunt
755 671 965 713 immania
987 671 1192 714 membra.

99 742 192 783 Dat
216 741 346 784 tellus
368 741 598 797 gemitum,
623 747 666 783 et
689 741 878 797 clipeum
901 756 1029 797 super
1050 742 1223 784 intonat
1246 742 1410 798 ingens.

67 797 86 868 ς’
101 811 223 853 Talis
245 811 291 853 in
312 811 506 854 Euboico
532 811 741 854 Baiarum
762 812 889 854 litore
912 813 1132 867 quondam
1435 810 1524 856 710

70 871 240 936 x>§anea
261 882 352 939 pila
374 883 509 937 cadit,
532 882 703 938 magnis
725 896 858 938 quam
878 883 1066 925 molibus
1089 888 1194 925 ante

88 945 412 1014 {constructam
433 957 568 1009 ponto
585 952 759 1008 jaciunt
779 953 886 1007 3>sic
911 953 986 995 illa
1008 954 1182 995 ruinam

88 1015 240 1066 'Prona
263 1023 414 1078 trahit,
438 1023 702 1079 penitusque
724 1022 848 1065 vadis
869 1023 982 1065 illisa
1005 1023 1220 1065 recumbit
1237 1037 1247 1077 ;

96 1094 285 1136 Miscent
307 1108 353 1136 se
374 1093 513 1136 maria
535 1098 578 1135 et
602 1093 750 1149 nigrae
773 1093 1046 1136 attolluntur
1066 1108 1221 1136 arenae
1240 1108 1250 1148 ;

97 1163 214 1206 Tum
236 1163 383 1206 sonitu
407 1163 625 1218 Prochyta
647 1163 739 1204 alta
762 1163 927 1217 tremit,
952 1163 1197 1219 durumque
1221 1163 1362 1206 cubile
1437 1161 1524 1208 715

96 1235 288 1277 Inarime
309 1234 434 1278 Jovis
455 1233 646 1290 imperiis
669 1234 858 1290 imposta
882 1234 1099 1291 Typhoeo.

188 1306 274 1348 Hic
297 1306 415 1348 Mars
437 1306 701 1361 armipotens
723 1305 921 1348 animum
944 1306 1140 1362 viresque
1164 1305 1339 1348 Latinis

96 1376 298 1432 Addidit,
324 1382 369 1418 et
392 1376 592 1419 stimulos
615 1390 732 1418 acres
756 1376 835 1418 sub
858 1382 1032 1432 pectore
1054 1377 1201 1432 vertit,

96 1446 375 1502 Immisitque
397 1446 548 1502 fugam
570 1446 749 1488 Teucris
773 1451 1008 1502 atrumque
1031 1447 1250 1491 timorem.

98 1516 309 1571 Undique
332 1516 610 1570 conveniunt,
636 1516 842 1571 quoniam
865 1517 970 1558 data
992 1516 1117 1573 copia
1139 1532 1327 1573 pugnae,
1434 1515 1523 1561 720

98 1586 380 1642 Bellatorque
400 1586 547 1628 animo
568 1586 675 1628 deus
696 1585 862 1629 incidit.

96 1657 326 1700 Pandarus
348 1662 400 1699 ut
421 1656 516 1699 fuso
538 1671 794 1712 germanum
816 1671 986 1713 corpore
1009 1658 1163 1713 cernit,

95 1728 158 1770 Et
179 1743 266 1784 quo
288 1727 346 1770 sit
366 1728 541 1770 fortuna
561 1728 667 1782 1000,
692 1727 770 1783 qui
792 1742 916 1770 casus
940 1733 1044 1784 agat
1065 1743 1131 1770 res
1148 1742 1159 1782 3

97 1799 279 1842 Portam
301 1798 344 1840 vi
365 1798 510 1840 multa
531 1811 732 1840 converso
754 1797 927 1840 cardine
950 1803 1141 1854 torquet,

96 1860 298 1913 Obnix‘us
319 1868 422 1911 latis
444 1868 650 1923 humeris,
673 1868 921 1924 multosque
944 1882 1120 1911 suorum
1435 1865 1523 1912 725

37 1965 40 1967 Δ
97 1939 326 1982 Moenibus
348 1939 545 1981 exclusos
567 1939 675 1980 duro
696 1938 742 1980 in
764 1938 998 1981 certamine
1020 1939 1182 1995 linquit
1199 1953 1210 1993 ;

96 2009 182 2052 Ast
205 2009 310 2051 alios
333 2018 483 2051 secum·
502 2008 689 2050 includit
711 2008 950 2064 recipitque
973 2015 1161 2064 ruentes,

97 2080 304 2133 Demens,
330 2078 405 2134 qui
429 2078 651 2120 Rutulum
671 2078 717 2120 in
739 2078 880 2121 medio
904 2093 989 2121 non
1011 2079 1184 2135 agmine
1207 2093 1353 2135 regem

101 2149 270 2192 Viderit
291 2149 620 2203 irrumpentem,
643 2149 848 2204 ultroque
869 2149 1096 2191 incluserit
1119 2149 1230 2204 urbi,

99 2222 345 2263 [nnnanem
366 2217 506 2260 veluti
527 2233 681 2274 pecora
701 2219 817 2260 inter
837 2219 995 2261 inertia
1016 2220 1176 2275 tigrim.
1433 2217 1522 2263 730

95 2290 317 2333 Continuo
339 2303 450 2330 nova
469 2288 549 2330 lux
571 2288 704 2331 oculis
727 2288 902 2343 effulsit,
927 2294 970 2330 ct
993 2303 1115 2330 arma

97 2359 374 2401 Horrendum
397 2372 574 2400 sonuere
590 2371 601 2412 3
635 2363 833 2400 tremunt
854 2358 901 2400 in
921 2359 1081 2401 vertice
1103 2359 1259 2401 cristae

99 2428 385 2486 Sanguineae,
410 2428 633 2484 clipeoque
655 2427 865 2470 micantia
885 2427 1071 2470 fulmina
1093 2429 1250 2473 mittit.

100 2500 358 2556 Agnoscunt
378 2498 536 2541 faciem
557 2498 742 2540 invisam
766 2504 899 2554 atque
921 2499 1133 2541 immania
1154 2499 1349 2541 membra

99 2569 286 2613 Turbati
309 2569 452 2612 subito
474 2568 718 2612 Aeneadae.
786 2569 903 2612 Tum
925 2569 1152 2612 Pandarus
1174 2570 1324 2626 ingens
1432 2568 1520 2614 735
