1757 2916
90 150 177 194 150
573 158 804 190 AENEmos
835 158 923 190 LIB.
957 157 1038 204 VH·

91 270 154 314 Et
176 269 322 314 varias
345 268 471 313 audit
495 283 634 324 voees,
657 267 905 323 fruiturque
927 267 1109 310 deorum
1478 261 1537 306 90

92 341 338 398 Colloquio,
363 347 497 397 atque
513 340 615 383 imis
637 339 892 382 Acheronta
914 337 1077 380 affatur
1099 336 1300 379 Avernis.

92 413 179 456 Hic
204 420 249 456 et
272 419 380 456 tunc
404 418 533 470 pater
553 412 646 468 ipse
670 416 824 468 petens
847 423 1053 465 responsa
1075 408 1266 451 Latinus

92 485 290 529 Centum
311 484 528 540 lanigeras
551 483 781 525 mactabat
804 481 887 522 rite
910 480 1124 535 bidentes,

101 557 245 612 Atque
267 556 426 597 harum
450 554 631 597 effultus
655 559 775 609 tergo
799 551 1038 606 stratisque
1056 550 1234 606 jacebat

93 627 344 670 Velleribus
365 640 375 671 ε
411 627 559 669 subita
582 641 636 668 ex
660 625 750 667 alto
772 638 859 666 vox
882 622 1055 665 reddita
1077 622 1176 664 luco
1199 626 1294 665 est:
1482 621 1537 663 95

94 699 120 719 ‘·'
136 698 205 741 Ne
228 704 329 755 pete
353 697 582 741 connubiis
605 701 761 738 natam
784 694 944 737 sociare
968 693 1157 749 Latinis,

94 770 122 793 “
147 770 184 813 O
212 784 312 812 mea
334 768 576 826 progenies,
601 765 812 810 thalamis
832 779 920 808 neu
942 764 1069 807 crede
1092 762 1261 821 paratis
1282 775 1293 806 ε

94 840 123 863 “
141 840 333 884 Externi
354 840 543 882 veniunt
567 837 730 896 generi,
756 837 834 894 qui
856 836 1069 893 sanguine
1093 840 1297 877 nostrum

97 912 126 934 “
146 912 319 955 Nomen
341 912 388 954 in
410 917 528 954 astra
549 911 708 966 ferant,
734 922 1009 966 quorumque
1032 907 1088 951 ab
1112 907 1250 963 stirpe
1273 918 1457 962 nepotes

95 983 123 1006 “
144 984 306 1028 Omnia
329 984 410 1026 sub
433 983 632 1040 pedibus,
657 996 745 1038 qua
771 981 844 1025 Sol
866 986 1107 1036 utrumque
1129 992 1353 1022 recurrens
1447 975 1538 1019 100

97 1055 126 1077 “
150 1055 356 1112 Adspicit
380 1054 620 1110 Oceanum,
644 1053 844 1109 vertique
869 1052 1046 1109 regique
1069 1051 1326 1098 videbunt„’'

97 1127 221 1169 Haec
246 1141 449 1182 responsa
471 1125 612 1182 patris
632 1124 780 1167 Fauni
801 1123 1081 1179 monitusque
1105 1121 1253 1166 silenti

98 1197 241 1240 Nocte
264 1198 392 1240 datos
414 1211 501 1239 non
522 1196 614 1252 ipse
638 1210 715 1238 suo
738 1194 900 1251 premit
923 1208 994 1236 ore
1018 1193 1207 1236 Latinus
1224 1207 1234 1247 ;

99 1269 186 1312 Sed
209 1268 374 1310 circum
395 1268 485 1310 late
507 1267 696 1309 volitans
713 1265 809 1321 jam
831 1265 974 1307 Fama
995 1279 1072 1321 per
1093 1264 1224 1306 urbes

101 1338 317 1381 Ausonias
340 1339 518 1393 tulerat,
543 1351 684 1393 quum
706 1336 1024 1379 Laomedontia
1047 1335 1186 1392 pubes
1452 1334 1540 1377 105

100 1409 337 1453 Gramineo
360 1409 479 1465 ripae
503 1407 703 1464 religavit
725 1407 781 1449 ab
804 1421 957 1463 aggere
980 1406 1177 1450 classem.

191 1479 365 1522 Aeneas
388 1478 605 1535 primique
628 1479 762 1520 duces
786 1481 830 1519 et
856 1476 1038 1533 pulcher
1060 1469 1188 1519 Iulus

102 1550 290 1606 Corpora
315 1549 396 1592 sub
420 1548 552 1591 ramis
574 1548 803 1605 deponunt
825 1547 988 1590 arboris
1011 1547 1146 1603 altae,

100 1621 442 1676 Instituuntque
465 1620 614 1676 dapes,
640 1624 684 1661 et
708 1620 863 1661 adorea
885 1619 975 1661 liba
996 1633 1074 1675 per
1094 1618 1280 1661 herbam

102 1690 354 1747 Subjiciunt
377 1689 603 1746 epulis-sic
626 1688 806 1745 Jupiter
827 1689 921 1745 ipse
943 1689 1186 1744 monebat-,
1455 1687 1542 1729 110

60 1803 67 1810 ,
100 1763 162 1805 Et
186 1762 364 1805 Cereale
389 1762 530 1804 solum
553 1761 695 1817 pomis
718 1759 963 1817 agrestibus
980 1764 1162 1816 augent.

104 1833 361 1877 Consumtis
382 1832 453 1874 hic
475 1832 587 1874 sorte
609 1831 720 1887 aliis,
744 1836 797 1873 ut
819 1836 988 1873 Vertere
1011 1845 1180 1873 morsus

100 1902 327 1960 Exiguam
348 1902 393 1945 in
418 1902 621 1945 Cererem
644 1901 826 1958 penuria
849 1901 998 1958 adegit
1021 1901 1179 1944 edendi

101 1975 164 2017 Et
187 1974 347 2016 violare
369 1987 506 2015 manu
527 1972 743 2028 malisque
766 1971 1006 2014 audacibus
1028 1972 1178 2014 orbem

103 2045 275 2088 Fatalis
298 2043 449 2099 crusti,
474 2043 638 2100 patulis
662 2057 740 2085 nec
764 2057 937 2099 parcere
961 2042 1135 2099 quadris
1156 2057 1166 2098 3
1456 2043 1543 2088 115

103 2115 129 2138 ‘⁶
150 2116 275 2159 Heus
297 2119 306 2161 1
343 2115 482 2158 etiam
504 2129 674 2157 mensas
698 2114 996 2157 consumimus
1017 2115 1077 2157 ?’'
1100 2113 1245 2170 inquit
1269 2113 1473 2170 Iulus,—

102 2188 195 2231 Nec
218 2188 346 2246 plura
369 2186 579 2229 alludens.
645 2185 714 2228 Ea
736 2200 820 2228 vox
842 2186 997 2228 audita
1019 2186 1222 2229 laborum

104 2260 258 2302 Prima
280 2258 389 2302 tulit
412 2258 559 2313 finem,
583 2257 860 2314 primamque
882 2257 1103 2314 loquentis
1127 2258 1183 2300 ab
1206 2271 1277 2300 ore

104 2331 286 2387 Eripuit
309 2336 435 2387 pater
455 2344 505 2372 ac
529 2329 807 2385 stupefactus
830 2329 1012 2372 numine
1035 2329 1207 2386 pressit.

105 2402 327 2446 Continuo
354 2401 381 2421 “
404 2401 532 2445 Salve
554 2400 656 2443 fatis
678 2400 788 2442 mihi
810 2401 960 2443 debita
984 2401 1131 2457 tellus,
1456 2399 1543 2442 120

106 2471 334 2528 “Vosque
352 2474 377 2490 ”
401 2471 465 2514 ait
490 2470 518 2492 ‘⁴
533 2485 557 2513 o
579 2470 657 2513 fidi
681 2470 836 2526 Trojac
860 2472 1024 2514 salvete
1049 2471 1266 2515 Penates!

107 2545 135 2566 ‘⁶
155 2545 242 2587 Hic
266 2546 435 2600 domus,
459 2544 566 2586 haec
589 2543 735 2598 patria
759 2549 825 2585 est
847 2557 856 2586 :
892 2543 1063 2599 genitor
1084 2542 1194 2584 mihi
1217 2541 1544 2598 talia-namque

106 2615 133 2637 “
150 2615 193 2658 N
198 2630 282 2658 unc
307 2613 698 2672 repeto-Anchises
719 2612 911 2656 fatorum
937 2627 1095 2656 arcana
1117 2612 1309 2669 reliquit.
