1731 2923
577 127 808 159 AENEIDos
840 131 926 163 LIB.
964 133 1024 164 VI.
1439 132 1522 175 143

93 226 121 248 “
136 227 363 286 Egregius,
388 231 424 274 si
448 247 660 290 umquam
680 240 946 293 regnandam
968 243 1186 299 acceperit
1208 246 1385 291 Albam.
1435 250 1522 295 770

92 296 120 319 “
138 299 224 352 Qui
239 300 448 356 juvenes!
516 305 715 359 Quantas
738 315 982 368 ostentant,
1008 315 1202 372 adspice,
1228 318 1366 364 vires!

92 367 119 388 “
136 369 289 426 Atque
312 373 516 417 umbrata
538 384 698 432 gerunt
721 380 839 423 civili
862 387 1060 440 tempora
1083 401 1258 442 quercu.

91 438 118 459 ‘⁶
136 440 198 482 Hi
221 441 302 484 tibi
324 443 596 501 Nomentum
619 455 663 491 et
687 450 850 495 Gabios
873 455 1113 511 urbemque
1136 459 1368 520 Fidenam,

89 509 116 530 ‘⁶
136 511 197 553 Hi
221 511 460 558 Collatinas
482 517 709 574 imponent
733 524 956 568 montibus
978 542 1110 585 arces,

87 581 114 602 ‘⁶
134 582 356 628 Pometios
381 586 672 646 Castrumque
694 592 798 636 Inui
823 595 1066 654 Bolamque
1093 600 1335 660 Coramque
1356 621 1365 650 :
1431 605 1518 652 775

87 652 113 672 ‘⁴
132 653 254 696 Haec
279 660 377 697 tum
399 659 578 702 nomina
600 669 741 719 erunt,
766 679 881 708 nunc
906 675 1009 711 sunt
1033 671 1124 714 sine
1146 675 1322 718 nominc
1345 682 1495 722 terrae.

87 722 113 742 ‘⁴
132 723 249 776 Quin
272 731 316 767 et
339 741 419 770 avo
442 730 648 774 comitem
671 748 762 777 sese
786 735 1030 782 Mavortius
1052 742 1185 786 addet

86 792 115 813 ‘⁶
134 794 362 852 Romulus,
386 799 596 844 Assaraci
618 818 751 859 quem
773 809 1001 865 sanguinis
1024 812 1108 855 Ilia
1130 820 1277 858 mater

85 863 113 884 “
131 865 317 912 Educet.
383 869 558 928 Viden',
584 880 634 917 ut
656 877 854 931 geminae
877 886 999 924 stant
1020 885 1182 928 vertice
1205 888 1373 945 cristae,

85 934 112 955 ‘⁶
128 936 191 979 Et
211 944 340 994 pater
360 940 452 997 ipse
476 957 552 985 suo
575 951 783 1001 superum
799 949 893 1004 jam
917 952 1061 1008 signat
1083 955 1240 1000 honore
1258 960 1279 1001 P
1424 960 1514 1006 780

83 1004 110 1026 “
124 1007 210 1064 En,
235 1009 381 1066 hujus,
406 1018 526 1069 nate,
551 1016 756 1072 auspiciis
778 1019 855 1062 illa
875 1021 1044 1079 inclyta
1068 1025 1211 1070 Roma

83 1076 371 1135 “Imperium
392 1083 532 1139 terris,
556 1086 721 1131 animos
743 1092 951 1146 aequabit
975 1094 1179 1154 Olympo,

81 1147 108 1169 “
129 1149 395 1209 Septemque
415 1169 505 1199 una
528 1157 610 1201 sibi
631 1174 755 1204 muro
778 1163 1069 1210 circumdabit
1091 1184 1223 1224 arces,

81 1218 254 1264 “Felix
275 1224 393 1279 prole
416 1226 585 1273 virum:
621 1232 763 1286 qualis
788 1233 1050 1293 Berecyntia
1072 1246 1216 1284 mater

80 1289 108 1311 “
122 1291 353 1337 Invehitur
374 1310 503 1341 curru
526 1299 741 1359 Phrygias
764 1306 925 1350 turrita
948 1323 1024 1364 per
1044 1312 1186 1368 urbes,
1422 1315 1511 1362 785

79 1360 260 1407 “Laeta
282 1365 416 1409 deum
438 1377 584 1427 partu,
609 1379 790 1417 centum
812 1380 1040 1434 complexa
1062 1389 1255 1441 nepotes,

79 1430 107 1452 “
126 1432 291 1478 Omnes
313 1438 552 1497 coelicolas,
577 1457 726 1488 omnes
749 1461 904 1503 supera
926 1450 1020 1493 alta
1042 1456 1256 1500 tenentes,

77 1502 223 1547 “Huc
246 1508 442 1563 geminas
465 1526 581 1554 nunc
604 1514 730 1557 flecte
753 1518 881 1574 acies,
905 1519 1018 1563 hanc
1041 1523 1217 1580 adspice
1240 1532 1418 1582 gentem

78 1573 105 1594 “
125 1574 433 1636 Romanosque
456 1587 568 1627 tuos.
633 1584 719 1629 Hic
744 1587 905 1632 Caesar
926 1597 970 1634 et
994 1594 1135 1638 omnis
1158 1595 1248 1639 Iuli

76 1644 104 1665 ‘⁶
122 1645 371 1706 Progenies,
396 1666 610 1708 magnum
633 1657 740 1700 coeli
763 1665 949 1703 ventura
971 1663 1052 1706 sub
1074 1679 1213 1710 axem.
1417 1668 1505 1715 '790

77 1715 103 1735 ‘⁶
122 1716 208 1760 Hic
231 1719 312 1775 vir,
335 1720 405 1763 hic
429 1728 508 1778 est,
533 1724 616 1767 tibi
638 1741 770 1782 quem
791 1731 993 1786 promitti
1015 1735 1188 1791 saepius
1210 1739 1351 1795 audis,

76 1785 106 1807 “
123 1787 357 1845 Augustus
382 1792 555 1850 Caesar,
582 1795 686 1839 Divi
707 1813 846 1854 genus
866 1816 875 1845 ε
911 1817 1043 1846 aurea
1065 1807 1224 1851 condet

75 1857 103 1879 ‘⁶
123 1858 307 1904 Saecula
330 1863 408 1918 qui
430 1880 580 1909 rursus
602 1867 745 1924 Latio,
769 1878 952 1928 regnata
974 1890 1051 1931 per
1072 1891 1174 1921 arva

74 1929 104 1951 “
124 1930 314 1975 Saturno
337 1937 572 1993 quondam,
598 1953 727 1996 super
748 1947 793 1984 et
816 1942 1110 2006 Garamantas
1133 1954 1178 1992 et
1200 1950 1334 1995 Indos

74 2000 103 2021 ‘⁶
122 2001 317 2046 Proferet
340 2005 573 2062 imperium
593 2023 605 2063 ;
633 2010 753 2066 jacet
777 2019 901 2057 extra
917 2002 1060 2060 'sidera
1084 2021 1228 2076 tellus,
1414 2023 1501 2070 3¹95

74 2071 101 2092 ‘⁶
117 2072 258 2115 Extra
280 2076 385 2118 anni
409 2077 604 2134 Solisque
626 2079 732 2138 vias,
757 2084 834 2126 ubi
856 2087 1028 2131 coeliser
1047 2089 1181 2134 Atlas

73 2144 100 2165 ‘⁶
119 2144 266 2186 Axem
287 2146 468 2190 humero
489 2154 664 2205 torquet
686 2154 823 2196 stellis
844 2158 1097 2203 ardentibus
1119 2168 1290 2217 aptum.

56 2200 98 2235 μζ(
121 2215 266 2271 Hujus
288 2217 335 2259 in
357 2218 595 2262 adventum
613 2221 708 2277 jam
729 2238 847 2267 nunc
871 2232 915 2268 et
941 2228 1103 2285 Caspia
1125 2247 1258 2288 regna

72 2285 96 2304 ‘⁶
118 2285 354 2343 Responsis
375 2288 551 2332 horrent
575 2292 726 2334 divum
749 2299 794 2336 et
819 2295 1010 2340 Maeotia
1032 2301 1176 2357 tellus,

71 2355 100 2375 ‘⁵
117 2356 179 2398 Et
202 2360 535 2416 septemgemini
560 2363 740 2406 turbant
763 2367 934 2422 trepida
955 2370 1067 2412 ostia
1090 2371 1194 2416 Nili.
1410 2378 1498 2420 800

72 2425 99 2447 “
117 2427 211 2470 Nec
233 2443 332 2472 vero
358 2430 533 2475 Alcides
556 2438 735 2477 tantum
757 2436 928 2481 telluris
950 2440 1102 2497 obivit,

70 2496 99 2518 “
117 2497 290 2543 Fixerit
312 2501 559 2558 aeripedem
581 2518 752 2547 cervam
773 2506 892 2564 licet,
917 2515 997 2552 aut
1019 2510 1287 2568 Erymanthi

70 2566 99 2589 ‘'
114 2569 292 2614 Pacarit
313 2586 489 2616 nemora
511 2579 556 2617 et
578 2574 768 2619 Lernam
790 2580 1081 2625 tremefecerit
1103 2597 1234 2638 arcu3

861 2663 874 2680 Q
