1778 2937
230 154 285 196 12
725 164 957 196 AENEIDOS
990 165 1076 195 Lm.
1112 164 1139 196 Ι,

228 271 258 297 “
272 273 552 318 Claudentur
574 274 688 317 Belli
709 278 860 332 portae
881 288 890 327 ;
925 272 1066 315 Furor
1085 271 1247 329 impius
1268 271 1408 329 intus,

227 345 255 367 ‘⁶
276 346 416 390 Saeva
430 346 584 390 sedens
602 361 733 402 super
746 360 881 401 arma,
906 350 951 387 et
974 348 1156 387 centum
1179 343 1354 388 vinctus
1376 345 1502 389 aenis
1579 347 1666 391 295

225 416 253 438 “
273 417 382 461 Post
405 423 580 474 tergum
602 417 741 473 nodis,
765 417 923 459 fremet
945 415 1146 458 horridus
1168 430 1239 458 ore
1263 417 1486 461 cruento.'’

225 489 348 532 Haec
371 489 450 545 ait,
475 494 521 532 et
545 488 665 531 Maia
686 488 888 546 genitum
910 486 1109 530 demittit
1132 487 1189 530 ab
1211 488 1317 545 alto,

225 560 294 604 Ut
316 566 471 616 terrae,
495 565 636 617 utque
658 574 794 603 novae
816 563 1005 616 pateant
1030 557 1316 617 Carthaginis
1339 574 1458 603 arces

226 632 435 689 Hospitio
459 632 654 688 Teucris,
679 645 735 674 ne
757 630 841 674 fati
864 630 1009 674 nescia
1033 629 1150 674 Dido

224 704 412 747 Finibus
435 709 610 747 arceret.
676 702 812 746 Volat
834 703 908 745 ille
930 716 1008 759 per
1030 706 1137 745 aera
1158 717 1371 760 magnum
1577 704 1667 746 300

226 775 428 833 Remigio
451 775 636 830 alarum,
660 789 711 818 ac
733 774 901 831 Libyae
924 774 1039 818 citus
1062 774 1240 817 adstitit
1263 774 1350 818 oris
1367 789 1379 830 ;

224 847 286 888 Et
303 846 398 902 jam
414 846 538 903 jussa
558 846 682 902 facit,
706 851 967 903 ponuntque
988 845 1149 889 ferocia
1172 845 1312 889 Poeni

221 917 362 961 Corda
382 919 554 962 volente
576 918 657 961 deo
677 932 688 973 ;
722 918 770 961 in
790 917 943 975 primis
965 918 1116 975 regina
1138 917 1341 975 quietum

219 989 398 1046 Accipit
419 990 467 1033 in
490 990 681 1033 Teucros
703 989 906 1032 animum
927 994 1211 1046 mentemque
1232 989 1485 1046 benignam.

310 1061 376 1103 At
400 1061 500 1118 pius
521 1060 710 1117 Aeneas,
731 1075 811 1118 per
831 1066 1007 1104 noctem
1031 1060 1224 1118 plurima
1244 1061 1436 1118 volvens,
1575 1062 1664 1106 305

224 1131 291 1174 Ut
314 1132 509 1188 primum
530 1132 611 1174 lux
633 1131 752 1174 alma
774 1132 884 1175 data
906 1137 987 1188 est,
1013 1131 1130 1175 exire
1152 1132 1358 1190 locosque

218 1202 461 1259 Explorate
484 1217 631 1259 novos,
656 1217 767 1259 quas
781 1208 920 1246 -vento
942 1203 1172 1246 accesserit
1195 1218 1304 1260 oras,

218 1273 305 1327 Qui
322 1279 628 1317 teneant-nam
650 1275 821 1318 inculta
842 1275 1002 1332 videt-,
1024 1275 1282 1319 hominesne
1304 1277 1492 1334 feraene,

217 1344 432 1398 Quaerere
455 1346 703 1402 constituit,
729 1346 941 1403 sociisque
965 1352 1123 1390 exacta
1145 1347 1314 1392 referre.

217 1413 413 1457 Classem
436 1415 483 1458 in
505 1431 696 1459 convexo
718 1431 948 1459 nemorum
970 1418 1051 1460 sub
1074 1432 1182 1475 rupe
1206 1423 1364 1461 cavata
1570 1421 1660 1463 310

215 1485 459 1530 Arboribus
481 1487 679 1530 clausam
702 1487 868 1530 circum
890 1492 1027 1544 atque
1050 1488 1330 1532 horrentibus
1353 1490 1524 1534 umbris

215 1556 411 1600 Occulit:
431 1557 525 1614 ipse
547 1572 636 1601 uno
657 1557 860 1614 graditur
881 1558 1120 1602 comitatus
1141 1559 1333 1616 Achate,

213 1626 328 1669 Bina
350 1642 488 1670 manu
508 1627 601 1671 lato
624 1628 818 1685 crispans
840 1629 1023 1672 hastilia
1044 1629 1166 1674 ferro.

212 1697 296 1740 Oui
318 1704 460 1741 mater
480 1699 626 1742 media
648 1714 740 1743 sese
763 1700 871 1743 tulit
892 1701 1021 1744 obvia
1043 1702 1167 1758 silva,

212 1767 411 1825 Virginis
434 1784 481 1812 os
502 1769 796 1826 habitumque
818 1786 974 1828 gerens
996 1777 1042 1815 et
1064 1772 1248 1830 virginis
1269 1789 1396 1817 arma
1567 1777 1655 1822 315

212 1840 470 1897 Spartanae,
495 1841 565 1883 vel
586 1842 728 1897 qualis
750 1856 884 1899 equos
908 1843 1114 1887 Threissa
1134 1844 1299 1901 fatigat

210 1910 460 1968 Harpalyce
481 1911 792 1969 volucremque
813 1914 922 1970 fuga
943 1915 1243 1970 praevertitur
1264 1916 1468 1961 Hebrum
1488 1933 1498 1964 :

209 1981 416 2038 Namque
437 1982 633 2025 humeris
655 1983 709 2026 de
730 1998 848 2027 more
870 1985 1064 2028 habilem
1086 1987 1373 2043 suspenderat
1397 2004 1550 2033 arcum

210 2052 440 2109 Venatrix,
465 2053 734 2110 dederatque
756 2070 928 2098 comam
950 2056 1194 2100 diffundere
1216 2059 1374 2116 ventis,

211 2123 345 2166 Nuda
367 2138 497 2181 genu,
522 2125 722 2181 nodoque
745 2125 864 2169 sinus
887 2128 1070 2171 collecta
1091 2127 1292 2174 fluentes.
1561 2136 1650 2178 320

208 2194 277 2237 Ac
301 2195 417 2252 prior
441 2195 468 2216 ‘⁶
488 2195 614 2239 Heus
629 2198 654 2215 '⁷
677 2196 824 2254 inquit
849 2197 877 2218 ‘⁴
889 2197 1088 2254 juvenes,
1113 2207 1373 2258 monstrate,
1398 2218 1598 2249 mearum

209 2266 235 2286 ‘⁴
256 2265 443 2310 Vidistis
466 2267 502 2310 si
524 2281 660 2324 quam
681 2267 754 2311 hic
776 2274 994 2312 errantem
1016 2270 1126 2314 forte
1150 2267 1359 2329 sororum,

207 2336 234 2357 ‘⁸'
253 2337 535 2381 Succinctam
556 2339 765 2396 pharetra
787 2345 832 2383 et
851 2342 1101 2385 maculosae
1125 2344 1317 2401 tegmine
1339 2345 1493 2403 lyncis,

214 2407 243 2428 ‘⁴
262 2408 361 2452 Aut
384 2410 634 2467 spumantis
651 2411 747 2468 apri
764 2426 942 2456 cursum
964 2414 1151 2458 clamore
1175 2421 1491 2472 prementem.''
1537 2451 1547 2454 <

206 2477 278 2522 Sic
303 2478 471 2536 Venus,
489 2485 534 2523 et
559 2480 745 2525 Veneris
767 2487 920 2525 contra
942 2483 1001 2526 sic
1024 2484 1140 2528 filius
1163 2500 1283 2529 orsus
1304 2502 1314 2531 :
1554 2493 1643 2538 325

207 2548 235 2570 “
252 2550 390 2594 Nulla
411 2556 593 2594 tuarum
615 2553 769 2596 audita
791 2553 902 2597 mihi
925 2569 1066 2612 neque
1088 2556 1180 2600 visa
1203 2573 1411 2616 sororum,

207 2621 232 2642 ‘⁴
253 2621 491 2680 0—quam
513 2629 558 2667 te
582 2638 833 2682 memorem,
848 2626 968 2684 virgo
987 2629 1008 2671 Ρ
1034 2643 1227 2686 namque
1250 2630 1370 2675 haud
1389 2632 1471 2676 tibi
1488 2634 1641 2680 vultus
