1731 2923
589 150 819 182 AENEIDos
852 151 940 182 ΠΒ.
975 150 1035 182 VI.
1447 139 1530 182 139

99 260 351 318 Cori-ipiunt
375 260 569 317 spatium
590 259 799 315 medium,
823 258 1075 315 foribusque
1098 258 1410 315 propinquant.

100 332 304 388 Occupat
326 331 502 374 Aeneas
525 331 712 386 aditum,
736 343 978 386 corpusque
1002 329 1169 372 recenti
1443 329 1529 372 635

99 403 276 460 Spargit
299 418 428 459 aqua,
453 417 710 458 ramumque
733 403 911 444 adverso
934 401 980 443 in
1002 401 1156 443 limine
1178 401 1300 457 figit!

187 473 270 516 His
292 474 472 516 demum
494 473 674 528 exactis,
700 473 889 529 perfecto
911 487 1090 514 munere
1113 473 1251 527 divae,

97 544 317 587 Devenere
340 545 455 587 locos
477 545 614 587 laetos
637 550 681 586 et
703 558 886 586 amoena
909 543 1049 585 vireta

96 615 439 658 Fortunatorum
463 630 691 657 nemorum
714 615 920 670 sedesque
943 615 1107 657 beatas.

95 686 275 742 Largior
295 686 366 729 hic
389 701 565 743 campos
588 686 738 728 aether
760 691 803 727 ct
825 685 992 727 lumine
1016 685 1148 727 vestit
1445 684 1531 726 640

96 757 335 813 Purpureo,
360 757 580 812 solemque
603 770 748 811 suum,
774 771 852 798 sua
874 756 1014 798 sidera
1035 760 1208 798 norunt.

96 828 205 870 Pars
226 828 273 869 in
295 827 527 884 gramineis
550 832 751 870 exercent¹
774 827 970 869 membra
992 826 1240 883 palaestris,

96 898 384 941 Contendunt
406 898 511 940 ludo
534 903 579 940 et
601 898 723 951 fulva
746 898 976 940 luctantur
997 912 1128 940 arena
1144 911 1154 951 3

95 969 202 1012 Pars
226 969 413 1026 pedibus
436 969 656 1025 plaudunt·
677 969 852 1011 choreas
875 974 919 1010 et
942 969 1138 1011 carmina
1161 969 1328 1012 dicunt.

62 1027 186 1081 >v*Nec
210 1054 298 1082 non
321 1038 548 1081 Threicius
570 1039 699 1095 longa
721 1053 824 1081 cum
845 1043 967 1080 veste
991 1039 1189 1081 sacerdos
1433 1038 1521 1082 645

96 1109 365 1166 Obloquitur
386 1109 577 1152 numeris
601 1115 771 1166 septem
793 1109 1044 1151 discrimina
1066 1124 1235 1165 vocum,

92 1179 286 1239 Jamque
309 1180 461 1222 eadem
483 1178 646 1235 digitis,
665 1178 760 1235 jam
784 1179 957 1235 pectine
979 1180 1128 1235 pulsat
1151 1180 1323 1222 eburno.

92 1249 178 1292 Hic
201 1265 338 1307 genus
360 1250 596 1306 antiquum
619 1249 790 1304 Teucri,
815 1250 1109 1306 pulcherrima
1131 1250 1284 1306 proles,

93 1318 369 1378 Magnanimi
389 1321 552 1376 heroes,
577 1321 676 1363 nati
697 1321 947 1363 melioribus
972 1321 1113 1376 annis,

92 1393 274 1449 Ilusque
298 1393 625 1448 Assaracusque
649 1398 693 1435 et
718 1392 872 1448 Trojae
896 1392 1133 1435 Dardanus
1157 1398 1320 1436 auctor.
1439 1393 1526 1436 650

92 1463 230 1506 Arma
252 1464 402 1520 procul
424 1478 658 1519 currusque
680 1463 823 1505 virum
845 1463 1030 1505 miratur
1052 1463 1203 1506 inanes
1219 1477 1231 1517 ;

94 1533 227 1576 Stant
250 1539 365 1576 terra
388 1534 555 1576 defixae
577 1533 745 1588 hastae,
769 1533 1017 1589 passimque
1042 1533 1174 1575 soluti

93 1604 178 1647 Per
199 1619 406 1661 campum
428 1609 671 1660 pascuntur
692 1603 793 1659 equi
812 1617 822 1646 :
857 1617 967 1658 quae
989 1603 1131 1659 gratia
1153 1617 1360 1645 curruum

93 1676 415 1732 Armorumque
438 1675 524 1717 fuit
548 1674 675 1729 vivis,
701 1688 811 1730 quae
834 1689 938 1717 cura
959 1675 1152 1716 nitentes

91 1745 275 1788 Pascere
298 1760 446 1802 equos,
473 1745 625 1787 eadem
647 1744 844 1801 sequitur
866 1744 1023 1786 tellure
1046 1750 1250 1801 repostos.
1435 1744 1523 1787 655

93 1815 333 1872 Conspicit,
358 1829 471 1870 ecce,
495 1815 600 1857 alios
622 1815 779 1857 dextra
801 1815 1011 1870 laevaque
1035 1807 1313 1870 pei-‘herbam

92 1885 332 1928 Vescentes
353 1885 610 1941 laetumque
634 1885 762 1928 choro
786 1885 964 1927 Paeana
986 1889 1193 1927 canentes

91 1956 218 1999 Inter
240 1957 472 1999 odoratum
491 1956 604 1999 lauri
624 1971 795 2012 nemus,
819 1956 935 1998 unde
959 1969 1142 2012 superne

92 2027 320 2070 Plurimus
342 2027 524 2070 Eridani
545 2042 623 2083 per
644 2027 801 2070 silvam
823 2026 1014 2069 volvitur
1035 2025 1189 2069 amnis.

92 2097 178 2140 Hic
201 2112 375 2153 manus,
398 2097 453 2140 ob
475 2098 666 2154 patriam
687 2097 926 2154 pugnando
946 2098 1128 2139 vulnera
1149 2095 1280 2152 passi,
1436 2096 1523 2138 660

93 2167 263 2223 Quique
287 2168 530 2210 sacerdotes
552 2167 678 2222 casti,
703 2168 811 2209 dum
831 2167 924 2210 vita
945 2168 1168 2222 manebat,

93 2238 268 2293 Quique
291 2237 354 2294 pii
375 2243 498 2280 vates
520 2242 565 2279 et
587 2237 763 2279 Phoebo
785 2237 918 2294 digna
938 2237 1091 2291 locuti,

92 2309 303 2350 Inventas
325 2312 404 2349 aut
427 2306 504 2363 qui
525 2306 666 2348 vitam
687 2307 911 2348 excoluere
933 2321 1010 2362 per
1031 2311 1160 2361 artes,

94 2378 266 2434 Quique
289 2377 357 2420 sui
378 2391 589 2420 memores
611 2377 716 2419 alios
737 2376 873 2419 fecere
896 2376 1129 2420 merendo:

60 2449 314 2502 &Omnibus
337 2448 406 2491 his
428 2449 554 2490 nivea
576 2448 815 2504 cing-untur
836 2453 1034 2504 tempora
1054 2446 1184 2491 vitta.
1432 2447 1519 2490 665

89 2504 209 2573 Quos
231 2519 513 2562 circumfusos
536 2518 595 2561 sic
620 2524 685 2561 est
708 2517 844 2560 affata
868 2517 1050 2574 Sibylla,

94 2589 327 2633 Musaeum
349 2596 452 2632 ant-e
474 2588 838 2632 omnes-medium
860 2603 964 2631 nam
984 2588 1175 2646 plurima
1197 2588 1327 2631 turba
