1778 2937
258 128 320 172 24
776 139 1007 170 AENEmos
1039 139 1126 172 LIB.
1160 139 1190 171 1.

256 249 533 307 Expediunt,
558 249 783 306 tonsisque
805 249 955 292 ferunt
977 247 1195 291 mantelia
1217 246 1348 291 villis.

258 322 592 379 Quinquaginta
613 321 736 364 intus
758 320 969 376 famulae,
994 320 1155 377 quibus
1177 320 1324 363 ordine
1346 319 1477 376 longo

259 393 377 436 Cura
401 407 566 450 penum
590 397 756 435 struere
780 397 824 434 et
846 391 1038 433 flammis
1061 390 1231 434 adolere
1256 391 1452 433 Penates
1473 404 1484 444 ;

259 463 455 507 Centum
479 463 590 506 aliae
613 463 888 519 totidemque
911 476 1038 518 pares
1061 466 1209 504 aetate
1233 461 1443 515 ministri,

259 535 345 588 Qui
368 534 557 591 dapibus
579 548 753 576 mensas
777 537 957 575 onerent
982 538 1027 574 et
1049 533 1208 589 pocula
1229 537 1411 589 ponant.

258 606 351 648 Nec
376 621 464 648 non
486 612 531 648 et
555 605 677 661 Tyrii
700 619 776 661 per
797 604 953 646 limina
975 604 1094 646 laeta
1115 604 1364 659 frequentes

258 677 527 731 Convenere,
548 676 652 719 toris
668 675 781 732 jussi
803 674 1076 717 discumbere
1100 674 1244 730 pictis.
1321 702 1336 709 ⁷-

258 747 481 789 Mirantur
503 748 617 789 dona
640 746 836 800 Aeneae,
861 745 1081 787 mirantur
1103 744 1277 798 Iulum,

257 819 608 875 Flagrantesque
630 817 702 861 dei
723 817 876 860 vultus
899 815 1198 873 simulataque
1220 816 1354 859 verba

257 889 523 946 Pallamque
546 893 591 931 et
613 887 788 945 pictum
810 901 960 930 croceo
980 887 1182 930 velamen
1203 886 1404 930 acantho.

258 960 501 1017 Praecipue
523 960 692 1014 infelix,
718 958 832 1016 pesti
855 959 1014 1001 devota
1034 958 1228 1014 futurae,

256 1031 440 1088 Expleri
461 1036 659 1073 mentem
680 1029 836 1085 nequit
859 1028 1135 1085 ardescitque
1158 1028 1323 1071 tuendo

258 1102 512 1158 Phoenissa,
537 1106 581 1144 et
603 1100 770 1158 pariter
791 1114 924 1157 puero
946 1099 1158 1157 donisque
1180 1104 1393 1143 movetur.

257 1175 339 1217 Ille
363 1174 441 1217 ubi
464 1173 698 1230 complexu
720 1171 897 1215 Aeneae
920 1171 1117 1227 colloque
1139 1170 1371 1228 pependit,

257 1246 320 1289 Et
342 1259 558 1303 magnum
579 1243 680 1287 salsi
701 1243 907 1300 implevit
929 1242 1137 1299 genitoris
1159 1256 1353 1285 amorem
1372 1255 1393 1306 ᾗ

259 1317 478 1374 Reginam
500 1316 626 1373 petit.
693 1314 816 1358 Haec
839 1314 989 1370 oculis,
1012 1314 1120 1357 haee
1143 1319 1318 1370 pectore
1340 1318 1435 1356 toto

259 1388 428 1432 Haeret
450 1393 495 1430 et
516 1387 744 1430 interdum
765 1385 931 1443 gremio
954 1386 1091 1440 fovet,
1114 1385 1254 1428 inscia
1277 1384 1414 1440 Dido,

260 1459 457 1503 Insideat
480 1463 673 1515 quantus
694 1457 877 1500 miserae
899 1457 1018 1500 deus.
1083 1456 1149 1499 At
1171 1470 1337 1499 memor
1358 1455 1432 1498 ille

259 1531 418 1574 Matris
440 1529 684 1584 Acidaliae,
709 1528 946 1585 paullatim
968 1528 1139 1570 abolere
1165 1527 1414 1583 Sychaeum

258 1602 442 1659 Incipit,
468 1607 513 1644 et
535 1601 633 1643 vivo
655 1605 805 1643 tentat
828 1605 1102 1656 praevertere
1125 1613 1272 1642 amore

257 1675 287 1718 J
292 1690 364 1718 am
387 1674 560 1732 pridem
583 1672 745 1715 resides
768 1671 937 1714 animos
959 1671 1228 1727 desuetaque
1251 1670 1400 1714 cordas

259 1747 504 1802 Postquam
525 1743 669 1801 prima
691 1742 813 1800 quies
835 1742 977 1800 epulis
1000 1756 1263 1798 mensaeque
1286 1747 1480 1785 remotae
1496 1755 1509 1797 ;

260 1818 465 1862 Crateras
487 1829 669 1871 magnos
692 1818 902 1857 statuunt
927 1819 972 1856 et
994 1814 1098 1856 vina
1120 1818 1343 1858 coronant.

258 1889 336 1931 Fit
359 1886 568 1942 strepitus
590 1884 736 1940 tectis,
761 1899 999 1944 vocemque
1022 1898 1101 1941 per
1122 1884 1273 1941 ampla
1294 1884 1500 1928 volutant

259 1959 390 2003 Atria
412 1971 422 2012 ;
458 1957 711 2013 dependent
732 1955 882 2012 lychni
903 1955 1184 2012 laquearibus
1206 1955 1346 1998 aureis

259 2029 446 2085 Incensi,
466 2034 511 2071 et
533 2033 708 2071 noctem
730 2027 920 2070 flammis
942 2026 1111 2071 funalia
1132 2026 1330 2070 vincunt.

260 2101 346 2145 Hic
369 2100 517 2158 regina
539 2113 716 2156 gravem
738 2096 923 2155 gemmis
945 2111 1139 2153 auroque
1164 2097 1365 2154 poposcit

260 2170 562 2228 Implevitque
585 2183 702 2211 mero
721 2173 936 2226 pateram,
961 2182 1096 2225 quam
1121 2168 1255 2211 Belus
1278 2174 1322 2210 et
1345 2183 1495 2212 omncs

261 2244 303 2287 A
327 2242 433 2286 Belo
456 2240 598 2295 soliti3
632 2245 733 2283 tum
753 2239 873 2282 facta
896 2238 1074 2282 silentia
1095 2239 1228 2282 tectis
1250 2252 1260 2283 ε

261 2316 289 2336 “
313 2311 765 2370 Jupiter-hospitibus
789 2325 893 2353 nam
915 2315 962 2352 te
986 2311 1087 2353 darc
1110 2309 1211 2367 jura
1233 2310 1513 2367 loquuntur·,

262 2387 288 2407 “
314 2385 446 2427 Hunc
468 2384 640 2426 laetum
664 2381 894 2438 Tyriisque
918 2381 1035 2424 diem
1059 2381 1276 2438 Trojaque
1298 2381 1506 2438 profectis

261 2457 288 2478 ‘⁴
312 2457 421 2500 Esse
444 2455 563 2510 velis,
589 2458 844 2510 nostrosque
866 2452 996 2508 hujus
1019 2453 1268 2495 meminisse
1292 2452 1499 2515 minores}
1540 2470 1552 2482 ι

263 2529 290 2550 “
310 2527 445 2571 Adsit
466 2525 664 2569 laetitiae
688 2524 890 2568 Bacchus
912 2525 1055 2580 dator,
1079 2530 1124 2567 et
1145 2525 1259 2567 bona
1279 2524 1420 2569 Juno!

262 2599 290 2621 ‘⁶
308 2599 369 2642 Et
390 2613 479 2654 vos,
503 2612 547 2652 o,
571 2601 764 2652 coctum,
790 2595 925 2653 Tyrii,
950 2596 1166 2640 celebrate
1188 2596 1432 2641 faventes!”

1609 457 1698 504 705

1609 813 1699 860 '710

1609 1167 1699 1215 715

1558 1517 1561 1520 ’
1609 1525 1699 1572 720

1608 1882 1698 1930 725

1608 2238 1697 2286 730

1607 2593 1697 2641 735
