1757 2916
179 119 240 164 76
668 127 901 158 AENEmos
933 128 1020 157 Lm.
1055 127 1117 156 1v.

198 239 211 262 ‘
231 240 496 297 Speluncam
520 238 637 281 Dido
660 238 752 280 dux
775 241 819 279 et
845 235 1060 292 Trojanus
1083 235 1270 277 eandem

183 311 209 332 ‘⁴
226 311 488 354 Devenient.
553 309 701 352 Adero
724 314 782 364 et,
807 313 887 350 tua
910 307 946 350 si
968 306 1079 349 mihi
1101 311 1219 349 certa
1241 306 1459 360 voluntas,

183 384 210 404 “
234 382 464 426 Connubio
482 381 671 437 jungam
693 378 1175 435 stabili>propriamque
1198 377 1351 419 dicabo
1371 391 1379 420 :

185 456 210 476 “
232 455 318 497 Hic
343 454 629 510 Hymenaeus
651 452 775 495 erit.”
839 451 941 493 Non
964 450 1198 492 adversata
1220 447 1394 505 petenti

186 527 376 581 Annuit,
401 531 535 581 atque
558 524 668 567 dolis
691 523 786 566 risit
812 522 1030 578 Cytherea
1053 521 1248 578 repertis.

276 596 506 641 Oceanum
527 595 693 637 interea
710 607 889 650 surgens
907 592 1072 635 Aurora.
1106 591 1322 647 relinquit.

184 670 229 711 It
254 668 402 725 portis,
421 666 578 723 jubare
601 671 765 720 exorto,
790 664 963 706 delecta
980 663 1220 720 juventus3

185 740 317 782 Retia
332 754 444 794 rara,
459 739 632 795 plagae,
646 738 737 779 lato
751 735 972 778 venabula
994 734 1122 790 ferro,

186 810 453 867 Massylique
475 813 612 852 ruunt
636 809 805 864 equites
829 812 874 850 et
899 807 1029 850 odora
1053 820 1214 849 canum
1235 804 1312 849 vis.

185 882 402 939 Reginam
426 880 622 924 thalamo
645 883 934 922 cunctantem
955 878 1013 921 ad
1033 877 1190 920 limina
1214 875 1347 934 primi

186 954 433 996 Poenorum
456 955 744 1008 exspectant3
779 955 982 1006 ostroque
1003 949 1188 1006 insignis
1212 953 1257 990 et
1281 962 1387 1010 auro

189 1025 292 1068 Stat
315 1023 486 1080 sonipes
509 1037 558 1066 ae
580 1022 701 1065 frena
722 1022 846 1064 ferox
870 1020 1125 1078 spumantia
1148 1019 1333 1063 mandit.

189 1095 390 1138 Tandem
411 1093 704 1152 progreditur,
730 1107 893 1149 magna
915 1092 1109 1148 stipante
1133 1096 1325 1146 caterva,

191 1165 417 1210 Sidoniam
438 1165 558 1221 picto
581 1164 861 1220 chlamydem
883 1163 1156 1206 circumdata
1177 1162 1313 1204 limbo
1331 1175 1340 1204 ;

189 1236 274 1280 Cui
295 1236 501 1293 pharetra
523 1250 578 1278 ex
600 1249 719 1290 auro,
744 1234 884 1277 crines
907 1235 1126 1277 nodantur
1147 1233 1192 1276 in
1215 1247 1386 1288 aurum,

187 1307 339 1350 Aurea
360 1321 629 1364 purpuream
652 1306 877 1349 subnectit
899 1306 1036 1348 fibula
1058 1311 1242 1348 vestem.

188 1379 283 1422 Nee
306 1394 394 1421 non
417 1383 461 1420 et
486 1377 670 1435 Phrygii
691 1377 873 1420 comites
895 1383 940 1420 et
961 1377 1106 1419 laetus
1128 1376 1255 1419 Iulus

191 1450 411 1493 Incedunt
429 1464 440 1504 3
474 1449 568 1506 ipse
592 1454 696 1492 ante
720 1449 827 1491 alios
848 1448 1168 1505 pulcherrimus
1190 1461 1339 1490 omnes

190 1521 333 1563 Infert
356 1534 400 1562 se
422 1520 590 1562 socium
612 1519 786 1562 Aeneas
809 1524 943 1575 atque
966 1519 1145 1575 agmina
1161 1517 1325 1574 jungit.

190 1591 343 1645 Qualis
360 1591 438 1633 ubi
458 1591 692 1634 hibernam
714 1590 899 1646 Lyciam
923 1590 1186 1646 Xanthique
1208 1589 1375 1631 fluenta

193 1662 365 1704 Deserit
388 1677 437 1704 ae
463 1662 630 1704 Delum
653 1666 899 1704 maternam
920 1660 1073 1703 invisit
1098 1659 1274 1717 Apollo,

191 1733 509 1789 Instauratque
532 1732 703 1786 choros,
726 1732 944 1788 mixtique
966 1731 1125 1774 altaria
1147 1730 1311 1773 circum

193 1805 431 1861 Cretesque
456 1805 740 1861 Dryopesque
763 1804 959 1846 fremunt
982 1803 1179 1860 pictique
1203 1802 1469 1859 Agathyrsi3

191 1876 294 1931 Ipse
311 1875 432 1932 jugis
456 1875 624 1931 Cynthi
644 1875 857 1932 graditur,
880 1875 1092 1930 mollique
1115 1873 1330 1916 fluentem

191 1946 366 1988 Fronde
389 1946 549 2002 premit
572 1945 737 1987 crinem
759 1945 927 2001 fingens
951 1950 1084 2000 atque
1107 1944 1307 2001 implicat
1331 1959 1449 2000 auro,

194 2017 302 2059 Tela
325 2021 482 2059 sonant
503 2016 697 2059 humeris
714 2030 723 2059 ε
760 2016 879 2059 haud
900 2016 976 2058 illo
999 2016 1168 2073 segnior
1189 2016 1284 2058 ibat

194 2089 368 2131 Aeneas
388 2101 399 2142 ;
435 2093 616 2130 tantum
638 2087 807 2144 egregio
830 2087 966 2130 decus
990 2087 1130 2129 enitet
1154 2102 1235 2130 ore.

195 2161 442 2216 Postquam
464 2159 576 2202 altos
599 2163 782 2200 ventum
804 2158 852 2201 in
871 2163 1045 2201 montes
1070 2163 1204 2214 atque
1226 2158 1344 2200 invia
1366 2158 1520 2214 lustra,

195 2233 310 2275 Ecce
332 2232 464 2287 ferae,
490 2230 583 2274 saxi
604 2229 798 2286 dejectae
821 2230 998 2286 vertice,
1024 2245 1180 2287 caprae

196 2304 434 2346 Decurrere
453 2302 573 2359 jugis
589 2316 600 2356 3
635 2301 721 2344 alia
743 2301 797 2343 de
818 2306 944 2358 parte
967 2307 1172 2358 patentes

196 2373 532 2417 Transmittunt
557 2387 689 2416 cursu
711 2386 889 2428 campos
912 2377 1047 2428 atque
1070 2372 1248 2429 agmina
1270 2371 1387 2415 cervi

1538 304 1625 347 125

1540 660 1628 703 130

1545 1018 1628 1062 135

1543 1373 1630 1417 140

1546 1728 1632 1773 145

1545 2086 1632 2130 150

196 2445 516 2487 Pulverulenta
537 2444 643 2501 fuga
664 2444 923 2501 glomerant,
948 2449 1205 2499 montesque
1229 2442 1484 2498 relinquunt
1546 2442 1632 2486 155

197 2517 262 2560 At
284 2530 392 2574 puer
414 2515 633 2559 Ascanius
656 2513 812 2557 mediis
834 2514 880 2555 in
899 2514 1084 2556 vallibus
1107 2514 1197 2556 acri

198 2588 378 2631 Gaudet
401 2601 526 2645 equo,
546 2586 728 2643 jamque
751 2585 831 2628 hos
854 2599 996 2641 cursu,
1017 2585 1110 2641 jam
1135 2585 1344 2642 praeterit
1366 2584 1478 2640 illos,
