1731 2923
613 132 843 165 AENEIDOS
875 133 962 165 ΜΒ.
997 134 1040 163 v.
1471 121 1557 164 103

131 244 266 288 Nisus
287 249 332 287 et
354 242 572 299 Euryalus
594 241 739 299 primi,

130 315 349 372 Euryalus
370 314 508 357 forma
530 312 712 368 insignis
734 312 949 367 viridique
966 311 1166 367 juventa,
1474 310 1558 353 295

130 386 266 428 Nisus
288 399 432 428 amore
454 384 526 440 pio
549 383 682 440 pueri.
748 383 865 437 Quos
887 382 1041 425 deinde
1065 387 1239 424 secutus

132 456 296 512 Regius
317 455 488 512 egregia
510 454 677 497 Priami
698 454 751 496 <le
774 454 908 510 stirpe
933 453 1087 495 Diores
1108 466 1117 505 ;

130 527 262 569 Hunc
288 527 431 570 Salius
455 526 585 569 simul
607 531 652 568 et
676 525 856 580 Patron⁷
876 539 1062 581 quorum
1083 524 1196 566 alter
1215 522 1438 577 Acarnan,

129 597 256 639 Alter
277 598 333 640 ab
355 596 544 639 Arcadio
569 596 790 653 Tegeaeae
814 595 1024 651 sanguine
1048 594 1217 650 gentis;

130 668 248 710 Tum
270 667 355 710 duo
379 667 592 709 Trinacrii
609 666 805 723 juvenes,
830 665 1050 721 Helymus
1073 664 1376 720 Panopesque,
1479 662 1559 704 300

129 738 311 781 Assueti
333 738 464 793 silvis,
489 737 672 780 comites
695 737 870 780 senioris
892 736 1080 778 Acestae
1097 749 1107 789 ;

130 808 265 851 Multi
286 813 522 865 praeterea,
547 822 653 864 quos
675 808 793 850 fama
815 807 996 850 obscura
1019 807 1224 849 recondit.

129 879 303 922 Aeneas
325 879 484 935 quibus
506 879 552 921 in
573 878 727 921 mediis
750 879 810 921 sic
832 877 987 921 deinde
1010 878 1184 920 locutus
1204 892 1214 921 ζ

130 949 375 1006 “Accipite
397 950 502 992 haec
526 949 697 1004 animis,
720 949 945 1004 laetasque
968 948 1185 990 advertite
1207 954 1390 991 mentes.

130 1019 159 1040 ‘⁶
176 1019 319 1062 Nemo
341 1034 395 1062 ex
415 1020 495 1062 hoc
518 1033 696 1061 numero
719 1019 828 1061 mihi
849 1033 935 1061 non
958 1018 1149 1060 donatus
1172 1018 1323 1061 abibit.
1475 1020 1556 1062 305

129 1089 156 1110 ‘⁴
176 1089 341 1133 Gnosia
361 1089 466 1132 bina
488 1089 601 1132 dabo
622 1089 767 1132 levato
787 1088 935 1131 lucida
955 1087 1066 1130 ferro

129 1160 157 1181 ‘⁶
177 1160 355 1217 Spicula
378 1160 679 1215 caelatamque
701 1164 881 1215 argento
902 1157 1013 1201 ferre
1035 1158 1270 1215 bipennem
1289 1173 1300 1202 :

128 1230 156 1250 ‘⁴
176 1230 390 1273 Omnibus
413 1230 483 1272 hic
506 1230 586 1272 erit
608 1243 723 1272 unus
745 1229 892 1273 honos.
958 1229 1064 1272 Tres
1088 1229 1284 1285 praemia
1306 1228 1436 1285 primi
1468 1232 1471 1236 “

127 1300 157 1322 “
174 1300 423 1358 Accipient,
446 1300 646 1356 flavaque
668 1304 803 1357 eaput
825 1305 1060 1342 nectentur
1081 1299 1221 1343 oliva:

129 1370 157 1391 ⁴⁶
177 1371 354 1414 Primus
376 1385 539 1427 equum
560 1370 749 1427 phaleris
770 1370 987 1427 insignem
1008 1370 1146 1413 victor
1166 1370 1327 1412 habeto
1349 1384 1360 1425 ;
1470 1370 1558 1412 310

129 1441 157 1462 “
176 1441 307 1483 Alter
328 1441 618 1484 Amazoniam
639 1440 889 1497 pharetram
912 1440 1178 1496 plenamque
1201 1440 1376 1498 sagittis

129 1511 157 1532 ‘⁶
177 1511 404 1567 Threiciis,
429 1511 521 1554 lato
539 1525 675 1567 quam
697 1510 1073 1567 circumplectitur
1093 1525 1199 1553 auro

128 1580 157 1601 ‘⁶
176 1581 374 1636 Balteus,
399 1586 444 1623 et
466 1579 596 1623 tereti
618 1579 841 1622 subnectit
863 1579 1002 1622 fibula
1022 1594 1198 1636 gemma
1213 1593 1225 1633 ;

128 1651 155 1672 ‘⁴
175 1651 351 1694 Tertius
372 1651 579 1708 Argolica
599 1650 681 1692 hac
703 1649 827 1706 galea
850 1654 1083 1692 contentus
1106 1649 1265 1693 abit0.”

127 1722 250 1765 Haec
272 1722 351 1765 ubi
371 1722 505 1777 dicta,
528 1721 676 1764 locum
697 1720 894 1777 capiunt,
920 1720 1128 1777 signoque
1151 1725 1330 1776 repente
1468 1721 1556 1764 315

128 1793 382 1849 Corripiunt
406 1792 549 1849 spatia
569 1791 736 1846 audito,
759 1791 982 1847 limenque
1004 1790 1278 1847 relinquunt,

126 1863 272 1906 Effusi
292 1863 439 1905 nimbo
462 1861 624 1905 similes
643 1875 654 1916 3
689 1861 823 1904 simul
844 1861 1004 1904 ultima
1026 1861 1214 1917 signant.

128 1931 303 1977 Primus
326 1932 420 1976 abit
442 1933 657 1989 longeque
679 1937 783 1975 ante
807 1931 954 1975 omnia
977 1946 1154 1988 corpora
1177 1931 1315 1974 Nisus

127 2005 317 2060 Emicat,
341 2009 386 2047 et
407 2004 552 2046 ventis
574 2008 618 2046 et
639 2003 834 2045 fulminis
856 2002 970 2046 ocior
990 2002 1097 2057 alis;

128 2075 358 2118 Proximus
379 2075 496 2130 huic,
519 2075 648 2131 longo
670 2074 746 2117 sed
768 2074 994 2131 proximus
1015 2073 1262 2129 intervallo,
1466 2074 1555 2115 320

128 2146 383 2201 Insequitur
406 2145 579 2198 Salius3
614 2144 755 2201 spatio
777 2149 875 2200 post
899 2144 1056 2187 deinde
1078 2144 1227 2186 relicto

130 2217 307 2259 Tertius
328 2215 547 2271 Euryalus
564 2229 575 2269 ;

128 2288 459 2343 Euryalumque
482 2286 698 2341 Helymus
721 2284 945 2340 sequitur3
979 2299 1065 2341 quo
1088 2285 1243 2326 deinde
1266 2284 1346 2326 sub
1369 2283 1462 2339 ipso

129 2357 242 2400 Ecce
264 2357 396 2412 volat,
421 2356 673 2410 calcemque
695 2355 801 2397 terit
816 2354 911 2411 jam
933 2355 1049 2396 calce
1073 2353 1241 2408 Diores,

129 2429 393 2472 Incumbens
415 2428 594 2470 humero
616 2441 626 2481 ;
661 2426 805 2482 spatia
827 2431 871 2467 et
896 2425 932 2467 si
953 2425 1080 2481 plura
1104 2424 1268 2480 supersi
1278 2429 1340 2478 ut,
1464 2425 1551 2477 325

130 2499 342 2542 Transeat
364 2498 536 2554 elapsus
558 2497 683 2553 prior,
707 2495 1018 2551 ambiguumve
1040 2494 1271 2550 relinquat.
1356 2482 1361 2490 ’

127 2568 320 2625 Jamque
340 2568 429 2610 fere
453 2567 594 2624 spatio
616 2572 808 2609 extremo
829 2565 1017 2621 fessique
1039 2564 1120 2607 sub
1142 2564 1282 2620 ipsam
