1741 2902
623 149 851 180 AENmnos
883 151 969 182 Lm.
1005 151 1085 183 XII.
1481 143 1570 186 297

146 257 475 300 Conscendebat
498 270 643 312 equos,
667 257 809 313 patrio
830 272 1035 301 mucrone
1057 258 1221 314 relicto,
1312 309 1318 314 ,

145 328 266 370 Dum
288 327 681 384 trepidat,'ferrum
703 328 877 385 aurigae
900 329 1091 385 rapuisse
1116 328 1310 385 Metisci3

143 398 286 454 quue
308 398 398 453 diu,
422 398 529 440 dum
553 403 675 455 terga
697 399 863 442 dabant
885 400 1084 456 palantia
1108 400 1282 456 Teucri,

146 469 328 513 Suffecit
347 483 358 523 ;
391 474 629 525 postquam
652 484 773 512 arma
795 470 865 513 dei
887 471 943 513 ad
967 470 1186 513 Vulcania
1209 475 1393 513 ventum
1416 476 1496 526 cst,

145 540 343 583 Mortalis
366 555 529 596 nmero,
553 541 711 597 glacies
734 555 813 583 ceu
835 541 992 597 futilis,
1016 542 1112 584 ictu
1219 576 1222 578 .
1485 539 1574 586 740

147 610 369 665 Dissiluit,
392 610 513 652 fulva
534 611 782 667 resplendet
803 611 1000 667 fragmen
1023 626 1165 655 arena.

145 681 260 738 Ergo
282 695 431 723 amens
453 681 623 724 diversa
644 681 750 737 fuga
772 682 885 738 petit
908 696 1093 738 aequora
1118 682 1307 738 Turnus,

144 750 207 792 Et
230 765 346 793 nunc
369 751 469 806 huc,
492 751 593 793 inde
615 751 701 793 huc
724 752 913 794 incertos
935 751 1135 808 implicat
1157 753 1306 796 orbes:

146 821 354 877 Undique
377 822 495 863 enim
517 822 650 864 densa
674 822 833 864 Teucri
855 822 1066 865 inclusere
1089 838 1257 879 corona,

145 891 295 948 Atque
317 891 418 934 hinc
440 897 568 934 vasta
588 893 730 948 palus,
754 892 856 935 hinc
879 894 1016 935 ardua
1037 894 1208 936 moenia
1230 894 1426 951 cingunt.
1481 892 1570 939 745

149 962 243 1004 Nec
265 961 410 1004 minus
434 961 621 1017 Aeneas,
644 976 916 1018 quamquam
938 964 1144 1006 tardante
1167 965 1332 1021 sagitta

145 1031 376 1074 Interdum
397 1046 540 1088 genua
562 1031 813 1087 impediunt
836 1046 1101 1088 cursumque
1124 1039 1341 1089 recusant,

144 1101 412 1157 Insequitur,
436 1101 684 1157 trepidique
705 1102 862 1158 pedem
884 1104 995 1159 pede
1016 1103 1208 1146 fervidus
1229 1110 1390 1161 urguet
1410 1118 1420 1149 :

144 1172 374 1214 Inclusum
395 1172 536 1214 veluti
558 1172 595 1215 si
618 1174 793 1229 quando
815 1173 996 1216 flumine
1018 1179 1176 1218 nactus

147 1242 350 1298 Cervum,
374 1247 453 1285 aut
475 1243 684 1299 puniceae
709 1249 885 1300 septum
905 1244 1135 1287 formidine
1157 1260 1339 1302 pennae,
1428 1244 1431 1245 ⁷
1484 1244 1573 1291 Ι750

145 1312 342 1355 Venator
362 1327 492 1356 cursu
512 1313 633 1356 canis
655 1320 700 1357 et
721 1315 957 1358 latratibus
978 1315 1118 1359 instat
1138 1331 1149 1371 3

144 1385 228 1427 Ille
251 1389 415 1440 autem,
438 1384 606 1428 insidiis
629 1390 673 1428 et
695 1385 789 1442 ripa
811 1386 991 1429 territus
1013 1387 1121 1442 alta,

145 1455 268 1497 Mille
288 1455 404 1511 fugit
426 1455 673 1512 refugitque
695 1457 802 1512 vias,
827 1462 875 1499 at
896 1457 1068 1500 vividus
1092 1457 1264 1501 Umber

147 1524 314 1567 Haeret
335 1524 472 1580 hians,
492 1523 588 1580 jam
604 1525 784 1582 jamque
806 1531 944 1582 tenet,
971 1527 1209 1584 similisque
1232 1528 1404 1571 tenenti

147 1594 378 1651 Increpuit
400 1594 541 1650 malis,
565 1609 799 1651 morsuque
822 1596 968 1639 elusus
989 1597 1110 1639 inani
1131 1603 1209 1641 est.
1484 1596 1512 1643 '7
1515 1600 1572 1643 55

145 1664 264 1707 Tum
285 1678 384 1707 vero
406 1664 599 1707 exoritur
619 1665 795 1721 clamor,
820 1666 1025 1722 ripaeque
1047 1667 1255 1723 lacusque

146 1735 424 1791 Responsant
446 1735 573 1790 circa,
597 1741 642 1777 et
664 1736 836 1778 coelum
857 1742 986 1779 tonat
1010 1752 1135 1780 omne
1158 1739 1368 1782 tumultu.

144 1806 228 1849 Ille
250 1807 382 1849 simul
402 1807 576 1864 fugiens.
594 1806 783 1850 Rutulos
806 1807 940 1851 simul
960 1809 1156 1865 increpat
1180 1825 1343 1866 omnes,

145 1876 333 1927 Nomine
355 1891 575 1933 quemque
596 1891 768 1933 vocans,
791 1882 1036 1934 notumque
1059 1878 1274 1936 efflagitat
1299 1894 1447 1922 ensem
1463 1893 1476 1935 ς

144 1947 317 1990 Aeneas
339 1953 526 1990 mortem
547 1952 698 1990 contra
719 1962 1009 2005 praesensque
1030 1949 1229 1992 minatur
1485 1951 1574 1995 760

145 2017 364 2072 Exitium,
390 2017 426 2060 si
449 2016 684 2073 quisquam
706 2018 850 2074 adeat,
875 2023 1096 2075 terretque
1117 2025 1368 2076 trementes,

145 2087 411 2129 Excisumm
430 2088 586 2130 urbem
607 2087 832 2144 minitans,
858 2094 903 2131 et
930 2090 1104 2132 saucius
1125 2090 1273 2134 instat.

147 2156 349 2212 Quinque
372 2157 494 2199 orbes
516 2158 695 2213 explent
718 2173 861 2214 cursu,
887 2159 1161 2216 totidemque
1182 2165 1394 2203 retexunt

147 2226 249 2269 Huc
271 2227 400 2270 illuc:
435 2241 576 2282 neque
599 2227 716 2269 enim
737 2228 849 2270 levia
871 2234 951 2270 aut-
971 2229 1142 2271 ludicra
1163 2234 1380 2285 petuntur

147 2296 362 2351 Praemia,
388 2296 464 2338 sed
487 2296 623 2338 Turni
642 2297 694 2339 de
717 2297 809 2339 vita
834 2302 878 2339 et
903 2297 1116 2353 sanguine
1143 2304 1324 2342 certant.
1485 2295 1572 2342 '765

146 2367 277 2409 Forte
301 2381 419 2409 sacer
440 2366 595 2408 Fauno
616 2366 730 2409 foliis
753 2367 935 2418 oleaster
955 2367 1113 2409 amaris

146 2437 232 2480 Hic
255 2442 449 2491 steterat,
472 2437 621 2479 nautis
644 2437 746 2479 olim
768 2437 1011 2480 venerabile
1033 2438 1219 2495 lignum,

149 2507 319 2552 Servati
341 2520 396 2549 ex
417 2507 547 2550 undis
569 2507 646 2550 ubi
666 2508 798 2564 figere
821 2508 934 2550 dona
957 2509 1154 2551 solebant

147 2577 357 2621 Laurenti
379 2577 478 2620 divo
500 2583 545 2620 et
567 2583 691 2621 votas
714 2579 975 2635 suspendere
997 2583 1139 2622 vestes
1155 2592 1166 2634 ;

448 2643 520 2683 13¹*
