1741 2902
510 605 563 649 P.
605 598 865 646 VIRGILII
906 591 1163 639 MARONIS

406 728 1274 808 AENEiDOS

510 902 701 947 LIBER
734 892 1170 942 DUODEOIMUS.

136 1145 312 1188 Turnus
333 1146 386 1184 ut
408 1139 614 1182 infractos
637 1135 815 1178 adverso
838 1129 983 1172 Marte
1005 1125 1188 1168 Latinos

137 1212 358 1258 Defecisse
382 1210 513 1264 videt,
538 1221 617 1250 sua
637 1218 754 1248 nunc
777 1199 986 1258 promissa
1007 1195 1186 1253 reposci,

140 1285 194 1329 Se
218 1281 379 1339 signari
399 1279 537 1323 oculis
557 1276 717 1332 ;‚ultro
738 1268 1031 1328 implacabilis
1054 1266 1194 1320 ardet,

141 1354 415 1408 Attollitque
437 1349 613 1393 animos.
680 1346 924 1388 Poenorum
945 1337 1086 1395 qualis
1109 1337 1155 1378 in
1176 1334 1305 1381 arvis,

143 1424 328 1471 Saucius
348 1422 424 1465 ille
446 1418 566 1477 gravi
586 1420 829 1459 venantum
849 1411 1027 1453 vulnere
1051 1412 1222 1465 pectus,
1544 1402 1572 1445 5

145 1497 262 1539 Tum
283 1495 461 1537 demum
482 1493 628 1532 movet
650 1500 770 1529 arma
790 1484 871 1537 leo,
897 1480 1145 1538 gaudetque
1169 1479 1393 1519 comantes

146 1564 390 1610 Excutiens
413 1560 575 1605 cervice
596 1563 728 1612 toros,
751 1555 978 1607 fixumque
999 1548 1182 1591 latronis

147 1636 405 1694 Impavidus
424 1630 589 1688 frangit
611 1629 765 1682 telum,
791 1629 835 1667 et
857 1622 1007 1666 fremit
1030 1634 1101 1662 ore
1124 1622 1303 1661 cruento
1324 1629 1335 1660 :

153 1708 288 1751 Haud
312 1719 435 1749 secus
457 1714 636 1745 accenso
657 1696 802 1755 gliscit
823 1693 1033 1737 violentia
1057 1691 1217 1733 Turno.

153 1779 273 1821 Tum
295 1777 354 1819 sic
378 1774 542 1817 affatur
562 1784 721 1826 regem,
746 1772 879 1822 atque
900 1765 965 1806 ita
986 1761 1191 1805 turbidus
1213 1758 1314 1801 infit
1335 1772 1344 1800 :
1524 1754 1581 1796 10

157 1850 184 1871 ‘⁴
204 1848 341 1891 Nulla
361 1859 482 1887 mora
503 1843 550 1885 in
573 1841 722 1884 Turno
743 1852 754 1893 3
787 1836 898 1879 nihil
920 1839 986 1877 est
1011 1832 1127 1889 quod
1149 1830 1267 1873 dicta
1290 1812 1534 1870 retractent

155 1920 183 1942 ‘⁶
199 1917 355 1976 Ignavi
376 1914 621 1967 Aeneadae,
644 1924 738 1965 nec,
763 1921 875 1964 quae
898 1905 1114 1963 pepigere,
1139 1904 1352 1944 recusent.

158 1990 185 2011 ‘⁴
203 1986 474 2044 Congredior.
539 1983 626 2026 Fer
648 1994 782 2035 sacra,
806 1982 948 2035 pater,
972 1981 1017 2018 et
1039 1973 1216 2029 concipe
1238 1970 1403 2014 foedus.

159 2059 188 2082 “
202 2059 299 2102 Aut
320 2058 402 2100 hac
426 2053 702 2098 Dardanium
724 2051 878 2093 dextra
900 2047 981 2090 sub
1005 2045 1190 2088 Tartara
1212 2041 1406 2095 mittam,

162 2130 190 2151 “
211 2129 487 2171 Desertorem
508 2124 640 2167 Asiae
653 2122 861 2164 -sedeant
884 2120 1171 2174 spectentque
1194 2112 1395 2166 Latini-,
1534 2108 1589 2149 15

164 2200 192 2222 “
207 2200 270 2243 Et
293 2199 407 2241 solus
427 2196 537 2238 ferro
560 2193 723 2236 crimen
745 2202 973 2233 commune
995 2186 1189 2229 refellam
1208 2199 1218 2238 3

167 2272 195 2293 ‘⁶
211 2271 309 2314 Aut
330 2268 492 2310 habeat
513 2264 663 2316 victos,
688 2261 815 2303 cedat
837 2257 1023 2301 Lavinia
1045 2255 1248 2310 conjux.'’

168 2341 258 2386 Olli
280 2340 431 2383 sedato
454 2332 675 2392 respondit
697 2331 822 2374 corde
843 2328 1032 2370 Latinus
1053 2340 1061 2368 :

171 2413 199 2434 ‘⁶
217 2412 253 2456 Ο
277 2414 504 2468 praestans
527 2404 663 2449 animi
680 2400 866 2459 juvenis,
890 2402 1109 2455 quantum
1131 2395 1222 2452 ipse
1243 2392 1374 2436 feroci

172 2483 200 2504 ‘⁶
219 2482 402 2524 Virtute
425 2489 672 2533 exsuperas,
697 2477 822 2522 tanto
844 2484 913 2512 me
936 2467 1174 2524 impensius
1198 2477 1388 2521 aequum
1409 2466 1477 2505 est
1537 2460 1596 2502 20

175 2554 202 2576 ‘⁶
223 2551 454 2597 Consulere
477 2553 612 2603 atque
635 2558 782 2587 omnes
805 2544 1075 2584 metuentem
1099 2536 1337 2593 expendere
1362 2546 1495 2576 casus.
