1741 2902
628 171 855 200 AENEIDos
887 171 973 202 ΜΒ.
1008 171 1105 201 vm.
1502 163 1587 205 183

175 279 233 321 Ut
257 285 436 322 ventum
458 280 514 322 ad
540 278 660 320 sedes
680 292 689 319 :
727 277 754 298 ‘⁶
773 278 894 320 Haec
911 280 936 296 '’
959 278 1106 333 inquit
1131 279 1325 322 “limina
1347 280 1484 323 victer

166 347 195 369 ‘⁴
210 347 386 391 Alcides
411 349 558 403 subiit,
583 348 688 391 hacc
712 348 838 391 illum
861 349 978 405 regia
1001 350 1146 406 cepit:

165 417 193 437 “
211 417 356 473 Aude,
380 418 548 474 hospes,
574 425 847 462 contemnere
870 435 984 476 opes,
1010 427 1053 463 et
1077 426 1121 463 tc
1145 435 1320 477 quoque
1344 422 1529 479 dignum

164 487 191 508 ‘⁴
210 488 349 545 Finge
372 489 464 544 deo,
491 490 702 546 rebusque
725 491 824 533 veni
846 506 932 534 non
955 506 1080 548 asper
1102 493 1287 549 egenis.''
1501 495 1587 537 365

163 557 305 613 Dixit,
330 566 374 601 et
397 555 575 615 angusti
597 561 748 603 subter
768 562 945 618 fastigia
968 563 1075 604 tecti

161 629 394 685 Ingentem
417 631 599 673 Aenean
623 632 766 687 duxit,
792 633 1027 689 stratisque
1048 634 1208 676 locavit

161 700 381 742 Effultum
402 701 513 744 foliis
537 708 580 744 et
603 703 715 758 pelle
739 703 978 758 Libystidis
1001 719 1137 748 ursae.

252 771 353 813 Nox
378 773 463 814 ruit
488 778 532 814 et
555 773 689 816 fiiscis
713 775 914 816 tellurem
937 775 1221 831 amplectitur
1242 776 1333 819 alis.

160 840 224 882 At
248 841 400 883 Venus
423 843 541 885 haud
563 844 708 885 animo
730 845 1028 900 nequidquam
1051 846 1259 888 exterrita
1281 851 1436 902 mater,
1501 845 1588 891 370

159 911 520 968 Laurentumque
543 913 672 956 minis
695 920 737 956 ct
761 915 868 957 duro
890 921 1011 958 mota
1033 917 1250 972 tumultu,

159 982 414 1025 Vulcanum
436 985 686 1040 alloquitur,
712 986 992 1042 thalamoque
1014 988 1119 1029 haec
1143 988 1340 1044 conjugis
1366 1004 1495 1031 aureo

158 1052 336 1109 Incipit,
362 1060 405 1096 et
428 1054 556 1098 dictis
578 1055 779 1098 divinum
801 1057 995 1113 adspirat
1018 1072 1234 1101 amorem:

160 1121 188 1143 ‘⁶
206 1123 326 1165 Dum
349 1125 463 1168 bello
485 1125 682 1182 Argolici
705 1128 939 1170 vastabant
965 1128 1180 1185 Pergama
1204 1143 1324 1186 reges
1366 1174 1376 1180 s

158 1191 187 1213 “
208 1193 372 1236 Debita
394 1194 652 1251 casurasque
675 1196 862 1240 inimicis
883 1198 1059 1254 ignibus
1082 1214 1213 1255 arces,
1500 1197 1586 1243 375

159 1262 187 1283 ‘⁶'
206 1263 307 1306 Non
329 1265 471 1306 ullum
493 1266 707 1308 auxilium
729 1267 909 1324 miseris,
934 1283 1021 1311 non
1043 1283 1165 1311 arma
1187 1270 1332 1326 rogavi

158 1333 187 1353 “
205 1333 327 1377 Artis
352 1335 532 1391 opisque
556 1341 672 1392 tuae,
698 1352 776 1380 nec
799 1343 858 1391 te,
884 1339 1101 1381 carissime
1126 1340 1303 1397 conjux,

158 1402 185 1424 ‘⁶
204 1395 486 1447 Incassumve
509 1412 606 1449 tuos
629 1407 747 1450 volui
769 1423 963 1451 exercere
987 1410 1155 1453 labores
1173 1425 1183 1465 ;

159 1473 187 1493 ‘⁴
209 1474 418 1526 Quamvis
440 1481 484 1518 et
508 1477 675 1519 Priami
696 1479 898 1521 deberem
921 1479 1111 1535 plurima
1133 1482 1264 1537 natis,

158 1543 185 1563 ‘⁴
202 1543 263 1586 Et
286 1545 445 1586 durum
468 1546 644 1589 Aeneae
667 1548 878 1590 flevissem
902 1564 1028 1605 saepe
1049 1551 1253 1595 laborem.
1498 1554 1586 1595 380

144 1613 185 1634 '⁴‘
205 1614 335 1656 Nunc
358 1615 481 1658 Jovis
503 1616 695 1673 imperiis
718 1618 988 1661 Rutulorum
1010 1622 1213 1664 constitit
1236 1623 1320 1665 oris
1342 1637 1350 1666 :

160 1684 319 1741 “Ergo
341 1687 491 1728 eadem
515 1689 702 1743 supplex
723 1690 860 1745 venio,
887 1696 932 1732 et
954 1697 1157 1734 sanctum
1178 1693 1288 1735 mihi
1310 1709 1474 1737 numen

158 1754 185 1775 ‘⁴
204 1755 343 1798 Arma
366 1771 477 1813 rogo,
502 1759 702 1814 genetrix
724 1766 839 1803 nato.
905 1752 968 1803 Te
991 1762 1080 1804 filia
1103 1763 1247 1819 Nerei,

157 1824 185 1845 “
205 1825 268 1867 Te
291 1827 438 1881 potuit
461 1828 649 1871 lacrimis
673 1829 881 1873 Tithonia
903 1831 1074 1875 flectere
1100 1834 1269 1890 conjux,

158 1895 185 1915 ‘⁶
205 1895 411 1952 Adspice,
437 1898 514 1953 qui
535 1904 694 1942 coeant
716 1902 880 1957 populi,
906 1917 1018 1958 quae
1042 1905 1213 1947 moenia
1235 1906 1394 1948 clausis
1498 1909 1585 1951 385

157 1965 384 2009 “Ferrum
407 1974 569 2011 acuant
592 1971 726 2025 portis
747 1971 795 2013 in
817 1987 886 2015 me
909 1974 1216 2032 excidiumque
1238 1980 1479 2022 meorum.’'

156 2037 356 2093 Dixerat,
381 2044 425 2081 et
447 2039 585 2083 niveis
607 2041 708 2084 hinc
733 2047 867 2098 atque
889 2044 990 2087 hinc
1012 2046 1112 2088 diva
1134 2047 1309 2090 lacertis

157 2107 457 2151 Cunctantem
479 2112 689 2167 amplexu
710 2113 831 2155 molli
852 2114 980 2159 fovet.
1045 2116 1127 2158 Ille
1149 2124 1324 2174 repente

156 2178 343 2234 Accepit
365 2179 542 2222 solitam
563 2181 804 2238 flammam⁷
829 2189 1050 2241 notusque
1072 2188 1286 2231 medullas

157 2248 347 2290 Intravit
371 2250 487 2291 calor
507 2255 551 2292 et
572 2251 791 2294 labefacta
812 2267 889 2308 per
909 2268 1005 2297 ossa
1027 2257 1232 2312 cucurrit,
1497 2260 1585 2302 390

157 2318 256 2360 Non
278 2333 399 2361 secus
422 2324 556 2375 atque
580 2321 698 2376 olim,
723 2323 892 2365 tonitru
913 2338 1052 2379 quum
1074 2333 1207 2382 rupta
1230 2342 1406 2372 corusco

158 2389 293 2445 Ignea
315 2389 425 2432 rima
447 2390 614 2433 micans
636 2393 849 2447 percurrit
871 2394 1036 2437 lumine
1059 2397 1239 2443 nimbos.

159 2459 303 2502 Sensit
325 2460 441 2502 lacta
464 2461 573 2503 dolis
596 2467 640 2504 et
661 2462 824 2505 formae
847 2465 1016 2507 conscia
1038 2466 1209 2522 conjux.

160 2528 278 2570 Tum
299 2535 426 2585 pater
447 2536 623 2574 aeterno
644 2532 762 2575 fatur
783 2534 1013 2578 devinctus
1036 2551 1180 2580 amore
1200 2553 1209 2582 2

161 2598 187 2620 “
205 2599 322 2652 Quid
343 2614 496 2644 causas
520 2601 633 2657 petis
657 2616 711 2645 ex
733 2603 822 2646 alto
837 2605 858 2647 P
894 2605 1053 2648 fiducia
1075 2608 1203 2650 cessit
1495 2612 1582 2655 395
