1757 2916
157 128 248 172 230
659 136 889 168 AENEIDos
921 136 1008 167 Lm.
1044 135 1088 166 x.

249 249 315 291 At
338 254 464 306 parte
488 263 543 291 cx
565 246 666 303 alia,
691 261 780 302 qua
803 259 909 287 saxa
931 243 1125 287 rotantia
1145 243 1235 286 late

159 320 408 377 Impulerat
431 326 600 363 torrens
624 319 888 373 arbustaque
912 316 1060 359 diruta
1083 315 1203 372 ripis,

159 393 372 448 Arcadas,
399 383 594 434 insuetos
617 390 731 433 acies
753 389 912 431 inferre
934 388 1172 444 pedestres,

160 463 228 507 Ut
251 464 363 506 vidit
387 463 536 505 Pallas
559 461 688 504 Latio
712 461 813 502 dare
837 464 961 515 terga
984 458 1173 514 sequaci,
1511 457 1597 501 365

164 534 337 591 Aspera
359 538 456 590 quis
479 539 638 575 natura
659 530 742 574 loci
765 530 988 573 dimittere
1011 530 1186 586 quando

161 606 311 658 Suasit
334 620 466 662 equos
484 619 494 659 3
530 619 671 646 unum
694 603 812 659 quod
834 602 961 644 rebus
983 605 1123 645 restat
1145 600 1307 657 egenis,

159 677 290 720 Nunc
314 691 453 733 prece,
479 690 596 718 nunc
620 673 751 717 dictis
773 673 986 716 virtutem
1008 671 1211 715 accendit
1234 670 1422 714 amaris:

161 748 189 769 “
210 749 305 801 Quo
326 747 493 804 fugitis,
520 746 659 789 socii?
726 744 813 787 Per
833 758 907 787 vos
930 748 975 786 et
997 742 1128 785 fortia
1148 742 1282 797 facta,

161 819 188 840 ‘⁸'
206 819 291 861 Per
313 818 437 861 ducis
459 816 659 860 Evandri
682 830 841 859 nomen
863 814 1124 870 devictaque
1146 813 1274 869 bella,
1512 809 1600 856 370

161 890 188 911 “
211 890 433 946 Spemque
456 903 612 943 meam,
633 888 803 945 patriae
826 901 938 944 quae
962 901 1077 929 nunc
1101 886 1221 928 subit
1244 884 1420 927 aemula
1442 884 1580 940 laudi,

160 961 188 982 ⁴⁶
205 961 356 1004 Fidite
379 976 432 1004 ne
455 961 650 1018 pedibus
715 959 847 1002 Ferro
870 959 1115 1015 rumpenda
1137 973 1216 1015 per
1238 958 1387 1000 hostes

164 1033 291 1076 “Est
313 1032 396 1076 via.
464 1033 562 1085 Qua
583 1031 737 1088 globus
758 1031 832 1074 ille
854 1031 997 1073 virum
1019 1030 1304 1073 densissimus
1326 1033 1503 1085 urguet,

166 1103 194 1124 “
213 1103 310 1146 Hac
333 1118 408 1146 vos
433 1109 478 1146 et
503 1103 713 1145 Pallanta
734 1103 892 1145 ducem
915 1101 1060 1158 patria
1084 1102 1178 1143 alta
1200 1100 1399 1157 reposcit.
1418 1136 1423 1141 .

162 1174 406 1217 “Numina
428 1175 550 1216 nulla
573 1178 779 1230 premunt
795 1187 806 1227 ;
840 1172 1015 1215 mortali
1033 1187 1273 1229 urguemur
1289 1172 1344 1214 ab
1361 1171 1486 1214 hoste
1511 1167 1599 1213 375

162 1245 194 1266 ‘⁴
215 1244 425 1288 Mortales
445 1258 456 1299 3
494 1244 682 1287 totidem
702 1243 828 1286 nobis
850 1243 1110 1299 animaeque
1133 1255 1388 1298 manusque.

163 1315 191 1336 ‘⁴
207 1316 339 1371 Ecce,
365 1315 499 1358 maris
521 1330 683 1371 magna
705 1315 875 1363 claudit
898 1329 976 1357 nos
999 1314 1136 1370 objice
1159 1319 1324 1371 pontus
1346 1327 1357 1368 ;

170 1387 197 1408 ‘⁶
217 1386 354 1429 Deest
369 1385 464 1442 jam
487 1391 604 1428 terra
624 1385 757 1442 fugae
775 1400 783 1429 :
819 1385 1002 1442 pelagus
1026 1384 1258 1441 Trojamne
1281 1389 1484 1440 petemus
1503 1384 1524 1427 Ρ
1543 1385 1566 1401 ''

165 1459 287 1501 Haec
312 1459 375 1500 ait
401 1464 445 1500 ct
469 1458 640 1500 medius
662 1458 819 1500 densos
841 1457 1088 1514 prorumpit
1110 1456 1155 1499 in
1178 1457 1338 1500 hostes,

164 1529 330 1572 Obvius
353 1529 455 1571 huic
480 1529 684 1585 primum,
711 1528 816 1571 fatis
838 1529 1058 1571 adductus
1080 1527 1257 1585 iniquis,
1515 1530 1604 1574 380

162 1599 240 1642 Fit
263 1600 437 1656 Lagus:
473 1599 609 1655 hunc,
634 1614 796 1656 magno
816 1599 941 1642 vellit
964 1600 1072 1642 dum
1093 1600 1281 1656 pondere
1303 1613 1473 1654 saxum,

167 1671 342 1713 Intorto
364 1670 463 1727 figit
487 1670 589 1726 telo,
614 1670 868 1713 discrimina
892 1671 1022 1713 costis

166 1740 251 1783 Per
272 1741 468 1784 medium
490 1756 579 1797 qua
601 1741 728 1798 spina
750 1741 900 1797 dabat,
924 1741 1188 1798 hastamque
1210 1745 1410 1798 receptat

165 1812 346 1856 Ossibus
369 1812 634 1856 haerentem.
701 1813 842 1866 Quem
863 1827 951 1855 non
973 1828 1104 1869 super
1125 1818 1314 1869 occupat
1339 1812 1492 1868 Hisbo,

165 1883 246 1925 Ille
270 1883 450 1938 quidem
471 1883 551 1925 hoc
576 1894 779 1938 sperans:
818 1897 922 1924 nam
945 1883 1094 1925 Pallas
1116 1888 1221 1925 ante
1243 1888 1459 1937 ruentem,
1516 1882 1604 1926 385

170 1953 292 1995 Dum
313 1953 437 2008 furit,
462 1953 694 1995 incautum
717 1953 882 1996 crudeli
903 1958 1044 1996 morte
1068 1953 1239 2010 sodalis,

169 2023 352 2080 Excipit
375 2029 509 2080 atque
532 2038 682 2067 ensem
706 2023 876 2067 tumido
900 2024 946 2067 in
969 2025 1180 2081 pulmone
1204 2025 1413 2069 recondit.

170 2095 288 2137 Hinc
314 2094 576 2138 Sthenelum
598 2095 726 2151 petit,
751 2101 796 2138 ct
819 2095 982 2138 Rhoeti
1003 2096 1057 2139 dc
1078 2102 1208 2153 gente
1231 2101 1411 2139 vetusta

169 2166 511 2221 Anchemolum,
538 2166 756 2209 thalamos
779 2181 936 2209 ausum
958 2166 1172 2210 incestare
1194 2182 1416 2212 novercae.

170 2236 260 2280 Vos
284 2237 421 2279 etiam
443 2237 606 2294 gemini
630 2236 810 2280 Rutulis
833 2238 1052 2282 cecidistis
1075 2239 1121 2281 in
1144 2240 1273 2295 arvis,
1519 2240 1607 2282 390

171 2308 359 2363 Daucia,
384 2307 543 2351 Laride
568 2309 893 2365 Thymberque,
920 2310 1143 2353 simillima
1165 2311 1322 2367 proles,

173 2378 417 2421 Indiscreta
440 2379 543 2434 suis,
568 2384 804 2436 gratusque
828 2381 1084 2435 parentibus
1106 2395 1220 2424 error
1239 2396 1249 2435 ;

175 2450 237 2492 At
261 2464 378 2492 nunc
401 2450 510 2492 dura
531 2450 654 2492 dedit
677 2450 797 2492 vobis
821 2451 1072 2494 discrimina
1095 2452 1243 2495 Pallas
1264 2466 1274 2496 :

173 2520 292 2563 Nam
316 2520 412 2576 tibi,
438 2520 675 2576 Thymbre,
702 2527 835 2577 caput
861 2522 1110 2565 Evandrius
1131 2523 1317 2566 abstulit
1340 2521 1454 2565 ensis
1474 2536 1486 2576 3

175 2591 239 2635 Te
263 2591 410 2635 decisa
432 2606 577 2647 suum,
603 2591 774 2647 Laride,
799 2593 975 2636 dextera
999 2595 1185 2651 quaerit,
1522 2594 1608 2638 395
