1731 2923
667 139 897 171 AENEIDos
927 139 1015 171 ΜΒ.
1051 140 1131 170 vn.
1531 126 1606 169 151

184 253 213 275 “
229 254 244 276 ‘
267 253 415 307 Quum
436 256 496 306 te,
522 254 640 305 nate,
663 249 802 292 fames
824 249 976 306 ignota
998 248 1054 290 ad
1075 247 1205 290 litora
1226 250 1402 288 vectum
1427 248 1431 252 '

185 325 212 346 ‘⁴
229 325 240 345 ί
258 323 426 368 Accisis
449 326 574 378 coget
597 321 786 378 dapibus
808 333 1059 363 consumere
1082 332 1269 371 mensas,
1529 315 1613 359 125

185 396 212 416 “
232 395 376 437 ‘Tum
398 407 569 450 sperare
591 393 740 434 domos
762 391 972 445 defessus,
995 389 1143 445 ibique
1166 392 1387 430 memento

185 466 212 487 ‘⁶
231 466 242 487 ‘
261 466 411 508 Prima
432 466 572 507 locare
595 478 732 505 manu
754 462 983 518 molirique
1006 475 1163 517 aggere
1187 461 1332 503 tecta?
1352 460 1376 477 '²

186 538 212 558 ‘⁶
232 537 354 580 Haec
378 542 469 579 erat
491 536 568 578 illa
589 535 727 578 fames
747 548 758 588 3
792 534 903 576 haec
927 548 1004 576 nos
1029 546 1231 588 suprema
1252 530 1476 584 manebat,

187 608 214 629 ‘⁴
232 608 398 651 Exitiis
420 607 617 665 positura
639 607 832 649 modum.

187 679 215 701 ‘⁴
235 681 379 733 Quare
402 678 519 735 agite
542 682 587 720 et
611 677 750 733 primo
771 676 880 718 laeti
902 690 1005 718 cum
1026 674 1192 717 lumine
1217 673 1330 728 solis,
1534 671 1618 712 1:30

188 751 215 771 ‘⁵'
236 751 356 804 Quae
378 750 485 805 loca,
510 748 638 804 quive
660 747 852 790 habeant
874 746 1084 801 homines,
1109 745 1187 787 ubi
1209 743 1381 787 moenia
1405 742 1566 799 gentiS,

188 822 215 842 ⁴⁴
235 821 536 878 Vestigemus,
560 824 604 861 et
627 833 653 861 a
675 823 807 875 portu
828 817 997 860 diversa
1018 821 1236 872 petamus.
1321 819 1325 822 '

189 893 216 914 ‘⁴
235 893 366 934 Nunc
389 896 562 947 pateras
583 889 721 932 libate
743 888 775 931 J
777 888 860 944 ovi,
885 887 1173 944 precibusque
1196 891 1349 929 vocate

189 962 459 1006 “Anchisen
481 961 737 1017 genitorem,
762 965 808 1001 et
830 958 936 1000 vina
959 958 1155 1014 reponite
1178 957 1380 1001 mensis.''

189 1034 259 1078 Sic
283 1032 440 1076 deinde
463 1031 622 1074 effatus
644 1029 865 1072 frondenti
889 1034 1090 1084 tempora
1112 1042 1231 1070 ramo
1536 1027 1621 1069 135

189 1103 412 1160 Implicat,
437 1107 481 1145 et
507 1100 788 1156 Geniumque
809 1098 894 1142 loci
915 1098 1190 1156 primamque
1212 1099 1391 1140 deorum

190 1176 412 1217 Tellurem
434 1173 740 1230 nymphasque
762 1177 807 1214 et
829 1170 973 1213 adhuc
995 1170 1150 1227 ignota
1171 1175 1374 1226 precatur

189 1246 415 1301 Flumina,
440 1250 541 1287 tum
563 1243 755 1286 Noctem
777 1242 1019 1298 Noctisque
1044 1240 1226 1283 orientia
1248 1241 1371 1297 signa

190 1318 460 1373 Idaeumque
482 1316 514 1358 J
517 1330 642 1358 ovem
663 1313 988 1370 Phrygiamque
1011 1327 1065 1355 ex
1087 1312 1234 1355 ordine
1257 1316 1444 1353 matrem

191 1389 388 1443 Invocat,
415 1392 459 1429 et
481 1386 677 1443 duplices
702 1384 919 1440 Goeloque
942 1383 1171 1439 Ereboque
1194 1387 1409 1438 parentes.
1535 1378 1622 1421 140

193 1459 279 1501 Hic
302 1464 430 1515 pater
452 1457 730 1513 omnipotens
753 1460 822 1497 ter
843 1454 959 1497 coelo
982 1454 1123 1496 clarus
1145 1454 1200 1495 ab
1223 1453 1315 1495 alto

193 1529 411 1584 Intonuit,
437 1527 655 1583 radiisque
677 1526 905 1568 ardentem
926 1523 1036 1567 lucis
1058 1528 1102 1566 et
1126 1538 1231 1566 auro

194 1602 295 1657 Ipse
317 1614 453 1642 manu
475 1597 678 1655 quatiens
701 1595 894 1639 ostendit
916 1584 972 1637 ab
995 1594 1168 1636 aethere
1188 1593 1364 1636 nubem.

196 1671 382 1714 Diditur
402 1669 473 1711 hic
497 1668 645 1711 subito
668 1665 858 1722 Trojana
880 1679 957 1721 per
978 1664 1157 1720 agmina
1179 1678 1339 1718 rumor,

196 1741 440 1785 Advenisse
462 1740 592 1794 diem,
617 1753 703 1795 quo
725 1737 876 1780 debita
896 1735 1068 1778 moenia
1091 1735 1284 1778 condant
1303 1747 1316 1788 3
1542 1731 1628 1775 145

198 1813 415 1858 Certatim
436 1813 688 1854 instaurant
704 1808 877 1865 epulas,
903 1812 1037 1863 atque
1060 1806 1204 1850 omine
1226 1820 1387 1862 magno

199 1885 401 1928 Crateras
421 1881 530 1925 laeti
552 1885 760 1924 statuunt
783 1885 828 1922 et
849 1878 952 1921 vina
973 1883 1192 1921 coronant.

291 1954 475 1997 Postera
497 1966 639 2008 quum
660 1950 802 2008 prima
821 1949 1044 1992 lustrabat
1065 1949 1269 2005 lampade
1291 1952 1430 1990 terras

201 2026 314 2069 Orta
335 2025 452 2079 dies3
484 2023 638 2066 urbem
660 2027 705 2064 et
726 2021 836 2064 fines
859 2026 902 2063 et
926 2020 1053 2063 litora
1073 2019 1218 2076 gentis

201 2095 373 2138 Diversi
394 2094 624 2150 explorant
644 2106 655 2137 ε
688 2092 797 2134 haec
818 2091 953 2134 fontis
976 2096 1134 2147 stagna
1156 2089 1352 2144 Numici,
1540 2088 1626 2131 150

201 2167 336 2220 Hunc
361 2165 573 2221 Thybrim
594 2163 795 2218 fluvium,
818 2162 889 2205 hic
911 2162 1046 2205 fortes
1066 2161 1269 2204 habitare
1295 2160 1490 2202 Latinos.

203 2238 320 2280 Tum
344 2241 466 2279 satus
489 2234 685 2277 Anchisa
706 2234 896 2276 delectos
917 2232 1064 2275 ordine
1086 2232 1141 2274 ab
1164 2231 1281 2274 omni

203 2310 396 2352 Centum
417 2311 602 2350 oratores
624 2308 814 2360 augusta
836 2303 893 2345 ad
912 2302 1084 2345 moenia
1106 2302 1215 2358 regis

205 2381 272 2423 Ire
291 2378 434 2436 jubet,
458 2376 591 2420 ramis
611 2376 776 2418 velatos
799 2372 994 2416 Palladis
1017 2386 1181 2427 omnes,

206 2452 419 2506 Donaque
441 2449 552 2490 ferre
575 2446 678 2501 viro,
701 2458 942 2502 pacemque
965 2456 1192 2499 exposcere
1217 2440 1406 2484 Teucris.
1549 2440 1634 2482 155

207 2522 342 2564 Haud
358 2535 490 2575 mora,
514 2518 724 2561 festinant
740 2515 851 2571 jussi
873 2514 1122 2571 rapidisque
1143 2512 1347 2554 feruntur

211 2591 425 2635 Passibus.
490 2590 592 2645 Ipse
614 2586 773 2630 humili
795 2584 994 2641 designat
1017 2583 1187 2626 moenia
1209 2582 1336 2636 fossa,
