1741 2902
576 160 806 190 AENEIDOS
839 162 924 192 LIB.
959 163 1057 193 VIII.

114 265 175 308 Et
198 265 331 309 scissa
352 267 548 323 gaudens
570 268 693 310 vadit
718 268 943 311 Discordia
965 270 1097 325 palla,

116 336 259 388 Quam
282 351 382 378 cum
405 337 640 392 sanguineo
664 338 863 393 sequitur
887 339 1066 382 Bellona
1089 340 1274 397 flagello.

107 406 271 468 *Actius
295 407 401 449 haec
424 421 601 450 cernens
624 423 771 450 arcun]
797 409 1053 452 intendebat
1076 410 1237 467 Apollo

113 477 333 533 Desuper:
369 478 506 520 omnis
529 493 577 520 eo
599 484 755 521 terrore
778 480 1009 536 Aegyptus
1032 487 1076 523 et
1101 482 1216 537 Indi7

115 548 271 591 Omnis
294 548 450 604 Arabs,
475 564 621 591 omnes
646 550 870 592 vertebant
895 557 1018 607 terga
1043 552 1199 595 Sabaei
1223 567 1233 606 3

111 619 217 674 Ipsa
239 619 471 661 videbatur
492 620 634 662 ventis
655 621 803 677 regina
826 622 990 664 vocatis

111 689 223 732 Vela
245 691 360 746 dare,
385 696 429 733 et
451 691 572 733 laxos
588 691 683 747 jam
699 691 878 747 jamque
900 693 1140 735 immittere
1161 694 1297 738 funes.

112 760 242 803 Illam
264 762 380 803 inter
401 763 556 804 caedes
578 762 820 818 pallentem
843 768 981 805 morte
1003 764 1155 806 futura

108 831 294 873 Fecerat
316 831 563 888 ignipotens
586 833 715 875 undis
737 838 781 875 et
804 833 968 889 Iapyge
989 833 1089 876 ferri
1109 848 1120 888 3

110 901 273 944 Contra
294 906 445 944 autem
467 917 624 958 magno
646 908 915 945 maerentem
938 918 1108 959 corpore
1134 905 1302 960 Nilum,

111 972 477 1028 Pandentemque
501 972 620 1014 sinus
643 978 687 1014 et
711 977 807 1014 tota
830 977 950 1016 veste
974 981 1203 1017 vocantem

109 1042 367 1085 Caeruleum
389 1042 436 1084 in
457 1042 671 1098 gremium
691 1043 992 1099 latebrosaque
1014 1044 1200 1087 flumina
1222 1046 1370 1090 victos,

107 1113 171 1155 At
198 1113 369 1168 Caesar,
393 1112 559 1168 triplici
580 1113 779 1155 invectus
804 1114 1005 1157 Romana
1026 1115 1252 1172 triumpho

107 1183 294 1238 Moenia,
319 1184 387 1226 dis
410 1182 538 1226 Italis
560 1189 713 1226 votum
734 1185 980 1228 immortale
1004 1187 1218 1242 sacrabat,

107 1254 302 1296 Maxima
325 1260 574 1297 tercentum
598 1260 741 1298 totam
763 1256 943 1299 delubra
965 1272 1043 1313 per
1066 1257 1246 1300 Urbem.

105 1325 301 1368 Laetitia
323 1325 526 1381 ludisque
548 1327 643 1369 viae
666 1328 911 1383 plausuque
934 1328 1179 1371 fremebant
1198 1344 1208 1383 3

106 1395 320 1439 Omnibus
342 1396 389 1438 in
410 1397 589 1453 templis
610 1403 807 1440 matrum
830 1399 998 1454 chorus,
1023 1399 1224 1442 omnibus
1247 1415 1345 1443 arae
1361 1415 1371 1455 3

105 1466 226 1508 Ante
250 1482 346 1509 aras
368 1471 531 1509 terram
554 1468 668 1511 caesi
691 1473 880 1511 stravere
899 1469 1088 1525 juvenci.

105 1537 220 1592 Ipse,
246 1536 547 1579 sedens'niveo
569 1539 798 1581 candentis
819 1539 968 1581 limine
991 1540 1169 1595 Phoebi,

106 1607 234 1656 Dona
256 1607 523 1663 recognoscit
546 1608 821 1664 populorum,
846 1614 1062 1665 aptatque
1085 1611 1282 1666 superbis

106 1677 340 1720 Postibus:
374 1677 583 1720 incedunt
606 1678 749 1721 vietae
770 1679 897 1736 longo
920 1680 1070 1722 ordine
1092 1686 1258 1737 gentes,

106 1749 250 1801 Quam
272 1747 415 1789 variae
432 1747 607 1804 linguis,
636 1749 794 1791 habitu
818 1755 911 1791 tam
934 1751 1064 1794 vestis
1086 1757 1131 1794 et
1155 1752 1296 1796 armis,

104 1818 189 1860 Hic
213 1818 467 1860 Nomadum
488 1833 625 1874 genus
648 1825 691 1862 et
713 1820 946 1863 discinctos
970 1821 1184 1865 Mulciber
1206 1822 1350 1878 Afros,

104 1888 190 1931 Hic
213 1888 396 1945 Lelegas
420 1888 639 1945 Carasque
662 1890 1015 1947 sagittiferosque
1040 1892 1226 1936 Gelonos

103 1958 314 2001 Finxerat
336 1972 347 2013 ;
382 1958 634 2016 Euphrates
656 1960 751 2003 ibat
768 1961 862 2017 jam
883 1962 1052 2004 mollior
1072 1963 1216 2018 undis,

102 2029 391 2085 Extremique
413 2029 642 2072 hominum
665 2031 837 2087 Morini,
863 2032 1129 2089 Rhenusque
1152 2034 1351 2090 bicornis,

103 2100 401 2156 Indomitique
427 2100 594 2156 Dahae,
619 2107 663 2144 et
686 2108 864 2158 pontem
887 2103 1144 2160 indignatus
1167 2105 1348 2148 Araxes.

104 2169 231 2212 Talia
254 2185 330 2226 per
351 2171 540 2226 clipeum
563 2171 768 2228 Vulcani,
792 2171 906 2216 dona
928 2174 1139 2232 parentis2

104 2239 306 2295 Miratur,
332 2254 560 2295 rerumque
581 2241 757 2297 ignarus
778 2242 968 2298 imagine
991 2245 1168 2299 gaudet,

105 2309 324 2353 Attollens
345 2310 527 2352 humero
547 2310 800 2367 famamque
823 2317 867 2353 ct
888 2312 983 2354 fata
1006 2318 1229 2369 nepotum.

462 2377 487 2416 9

1455 155 1540 197 193

1453 485 1540 528 705

1446 835 1535 880 710

1447 1187 1535 1233 715

1445 1541 1534 1586 ’7:20

1438 1891 1526 1938 '725

1443 2243 1531 2289 730
