1757 2916
181 111 272 156 244
688 127 920 158 AENEmos
952 129 1037 160 LIB.
1074 129 1117 159 x.

179 232 302 277 Colla
323 233 454 290 fovet,
477 233 601 278 fusus
623 249 864 292 propexam
885 236 932 279 in
953 242 1126 293 pectore
1148 237 1343 282 barbam.

178 305 326 348 Multa
349 320 477 363 super
498 306 644 349 Lauso
668 307 846 363 rogitat,
870 308 1122 364 multosque
1145 309 1352 365 remittit,

179 377 263 429 Qui
286 383 487 420 revocent
509 378 754 434 maestique
776 378 920 420 forant
943 381 1153 422 mandata
1175 381 1381 437 parentis.
1528 380 1615 424 840

177 447 241 489 At
265 447 459 490 Lausum
485 449 588 490 socii
610 449 862 490 exanimem
885 463 1016 505 super
1038 465 1160 493 arma
1180 451 1381 494 ferebant

177 517 370 573 Flentes,
394 519 620 575 ingentem
642 524 775 574 atque
798 519 971 576 ingenti
991 521 1170 563 vulnere
1193 522 1373 566 victum.

177 590 373 646 Agnovit
394 591 520 647 longe
543 591 759 647 gemitum
782 605 990 648 praesaga
1011 592 1117 634 mali
1139 607 1288 635 mens:

178 662 400 705 Canitiem
421 662 566 704 multo
589 662 805 705 deformat
828 663 1021 720 pulvere,
1047 669 1092 706 et
1115 664 1267 706 ambas

175 733 249 776 Ad
272 734 443 776 coelum
465 734 612 776 tendit
633 734 818 790 palmas,
843 725 887 777 et
910 749 1084 791 corpore
1106 735 1318 779 inhaeret.
1525 735 1614 780 845

178 804 205 824 “
227 804 428 846 Tantane
451 819 521 847 me
543 805 690 848 tenuit
712 806 901 863 vivendi,
926 812 1046 862 nate,
1073 807 1290 864 voluptas,

178 874 204 895 ‘⁶
224 875 292 918 Ut
314 890 391 932 pro
413 890 483 918 me
506 875 658 919 hostili
680 882 853 933 paterer
874 878 1103 920 succedere
1125 878 1321 934 dextrae,

177 947 203 967 ‘⁶
223 947 365 1000 Quem
386 947 554 1004 genui?
622 948 778 991 Tuane
801 949 908 992 haec
925 949 1097 1007 genitor
1118 964 1196 1007 per
1217 949 1399 992 vulnera
1422 964 1582 1006 servor,

175 1017 203 1038 ‘⁶
222 1018 365 1060 Morte
387 1023 469 1060 tua
491 1018 641 1062 vivens
662 1021 683 1062 Ρ
751 1019 868 1076 Heu,
893 1036 1011 1063 nunc
1030 1021 1187 1063 misero
1208 1020 1319 1063 mihi
1341 1021 1523 1063 demum

176 1088 204 1110 “
223 1090 432 1132 Exitium
454 1090 608 1133 infelix
627 1105 639 1145 3
674 1106 792 1134 nunc
815 1093 904 1134 alte
927 1093 1090 1135 vulnus
1112 1093 1322 1135 adactum
1340 1096 1348 1136 Σ
1525 1092 1614 1136 850

175 1160 346 1203 “Idem
367 1175 459 1218 ego,
484 1166 602 1217 nate,
626 1168 759 1205 tuum
780 1163 1000 1206 maculavi
1022 1163 1203 1206 crimine
1226 1177 1399 1218 nomen,

176 1231 203 1252 “
223 1232 385 1275 Pulsus
408 1233 462 1275 ob
485 1232 696 1276 invidiam
721 1234 824 1276 solio
847 1234 1115 1291 sceptrisque
1138 1234 1347 1291 paternis.

177 1302 203 1323 ‘⁶
224 1303 473 1346 Debueram
495 1305 664 1360 patriae
686 1320 848 1361 poenas
871 1305 1067 1361 odiisque
1090 1319 1287 1347 meorum
1307 1320 1316 1348 :

177 1373 203 1394 “
220 1373 383 1417 Omnes
405 1388 482 1430 per
504 1380 664 1417 mortes
687 1374 883 1417 animam
906 1380 1076 1418 sontem
1098 1374 1191 1431 ipse
1213 1374 1429 1417 dedissem
1447 1377 1457 1418 !

176 1443 203 1465 “
222 1444 355 1486 Nunc
378 1444 489 1499 vivo,
508 1459 651 1500 neque
669 1446 813 1488 adhuc
832 1446 1028 1488 homines
1045 1446 1275 1501 lucemque
1293 1444 1504 1501 relinquo,
1524 1445 1612 1489 855

175 1514 202 1535 ‘⁴
223 1514 308 1558 Sed
329 1514 568 1570 linquam.'’
636 1516 778 1559 Simul
799 1516 880 1559 hoc
904 1516 1053 1559 dicens
1076 1515 1244 1558 attollit
1268 1515 1314 1557 in
1338 1530 1519 1573 aegrum

174 1586 229 1630 Se
250 1586 403 1642 femur,
428 1592 487 1642 et,
507 1601 779 1644 quamquam
800 1588 865 1631 vis
888 1589 979 1631 alto
1001 1589 1179 1631 vulnere
1203 1588 1369 1643 tardat,

172 1657 306 1701 Haud
329 1658 524 1714 dejectus
548 1673 711 1715 equum
732 1659 835 1703 duci
851 1659 994 1716 jubet.
1060 1659 1156 1702 Hoc
1179 1660 1313 1702 decus
1335 1658 1412 1714 illi,

171 1730 266 1772 Hoc
290 1729 483 1772 solamen
505 1737 613 1786 erat,
637 1731 764 1774 bellis
785 1731 865 1774 hoc
889 1731 1029 1774 victor
1049 1730 1202 1773 abibat

173 1800 405 1845 Omnibus.
470 1801 729 1858 Alloquitur
750 1809 1020 1845 maerentem
1042 1804 1086 1845 et
1111 1802 1275 1844 talibus
1297 1800 1396 1843 infit
1414 1815 1423 1844 :
1521 1800 1610 1843 860

172 1872 197 1892 ‘⁴
218 1872 412 1929 Rhaebe,
436 1873 542 1915 diu-
557 1888 623 1916 res
645 1873 682 1916 si
704 1888 791 1928 qua
813 1874 890 1916 diu
910 1873 1170 1916 mortalibus
1193 1873 1285 1914 ulla
1309 1876 1407 1913 est-

172 1941 198 1962 “
217 1942 438 1986 Viximus.
503 1943 601 1985 Aut
624 1942 752 1985 hodie
775 1943 912 1986 victor
934 1943 1072 2000 spolia
1094 1943 1170 1984 illa
1193 1946 1379 1984 cruenta

171 2013 276 2056 “Et
299 2019 434 2070 caput
457 2013 635 2056 Aeneae
658 2014 825 2070 referes,
850 2013 1074 2070 Lausique
1098 2014 1295 2056 dolorum

170 2085 197 2106 “
218 2084 351 2128 Ultor
372 2085 455 2128 cris
478 2099 680 2139 mccum;
715 2090 810 2142 aut,
833 2086 976 2142 aperit
999 2085 1035 2128 si
1058 2085 1180 2127 nulla
1202 2085 1322 2126 viam
1345 2083 1423 2139 vis,

170 2156 196 2176 “
217 2156 462 2199 Occumbcs
480 2156 667 2212 pariter:
702 2171 844 2212 neque
869 2157 1000 2211 enim,
1025 2155 1271 2210 fortissime,
1297 2155 1438 2210 credo,
1519 2154 1607 2198 865

169 2228 194 2248 ‘⁵
210 2227 241 2269 J
247 2242 345 2269 ussa
368 2227 510 2270 aliena
532 2228 629 2284 pati
651 2232 695 2270 et
717 2228 914 2270 dominos
936 2228 1170 2284 dignabere
1195 2227 1427 2268 Teucros.‘''

168 2297 312 2353 Dixit,
337 2304 381 2340 ct
403 2304 613 2354 exceptus
636 2303 758 2354 tergo
781 2303 989 2341 consucta
1010 2298 1172 2341 locavit

168 2369 382 2424 Membra,
407 2383 650 2425 manusque
674 2369 826 2411 ambas
843 2368 1003 2425 jaculis
1026 2368 1224 2412 oneravit
1247 2367 1414 2422 acutis,

167 2439 281 2482 Aere
305 2446 439 2496 caput
460 2439 633 2496 fulgens
656 2440 874 2495 cristaque
896 2439 1096 2482 hirsutus
1118 2439 1288 2495 equina.

169 2510 239 2555 Sic
263 2525 440 2554 cursum
462 2510 509 2554 in
530 2511 694 2554 medios
717 2511 895 2568 rapidus
918 2511 1041 2554 dcdit
1063 2527 1071 2556 :
1108 2515 1286 2554 aestuat
1309 2509 1462 2567 ingens
1515 2506 1606 2553 870
