1757 2916
122 135 211 179 298
608 145 840 176 AENEmos
872 145 958 176 Lm.
994 145 1074 176 XII.

123 255 209 299 Sed
231 254 416 311 stirpem
440 254 600 298 Teucri
621 254 743 297 nullo
765 252 1016 296 discrimine
1040 266 1214 296 sacrum
1472 247 1560 296 770

124 319 421 380 Sustulerant,
446 339 554 382 puro
577 330 630 367 ut
652 330 830 380 possent
853 337 1104 367 concurrere
1129 337 1298 380 campo.

123 396 212 439 Hic
234 396 364 439 hasta
387 395 563 438 Aeneae
587 395 750 449 stabat,
774 395 861 437 huc
884 394 1083 450 impetus
1104 393 1229 437 illam

123 467 360 510 Detulerat
381 467 518 509 fixam
541 472 585 509 et
607 466 730 508 lenta
752 465 800 507 in
823 465 966 508 radice
988 466 1185 509 tenebat.

125 538 339 582 incubuit
363 537 591 592 voluitque
614 551 754 579 manu
776 536 1015 579 convellere
1036 536 1201 579 ferrum

130 609 414 663 Dardanides,
439 609 615 664 teloque
639 607 778 664 sequi,
802 622 936 664 quem
958 608 1167 665 prendere
1189 622 1322 650 cursu
1476 605 1562 651 775

128 679 225 722 Non
248 684 433 736 poterat.
500 678 619 721 Tum
641 693 740 721 vero
763 693 916 721 amens
938 677 1171 721 formidine
1195 678 1371 720 Turnus

125 751 152 772 ‘⁶
171 750 341 805 Faune,
365 764 527 806 precor,
546 749 795 806 miserere,''
818 749 965 807 inquit
989 748 1170 806 “tuque
1194 749 1362 806 optima
1383 748 1545 791 ferrum

127 820 154 843 ‘⁶
174 821 308 864 Terra
330 826 445 877 tene,
469 821 585 864 colui
605 826 769 865 vestros
793 821 829 864 si
854 835 1027 879 semper
1047 821 1243 876 honores,

143 893 154 914 ‘
175 893 292 947 Quos
315 898 466 937 contra
488 892 724 936 Aeneadae
745 894 860 937 bello
881 893 1019 937 fecere
1041 893 1286 951 profanos.”

127 965 274 1021 Dixit,
297 979 513 1022 opemque
536 964 608 1008 dei
629 980 717 1008 non
740 978 863 1008 cassa
883 965 930 1007 in
951 970 1055 1008 vota
1076 964 1275 1008 vocavit:
1476 960 1566 1006 780

127 1037 335 1093 Namque
357 1036 434 1079 diu
455 1036 633 1079 luctans
654 1037 859 1093 lentoque
881 1037 928 1079 in
951 1037 1089 1094 stirpe
1110 1042 1308 1079 moratus

127 1107 310 1151 Viribus
331 1107 453 1150 haud
473 1107 576 1150 ullis
599 1107 742 1150 valuit
765 1107 1010 1150 discludere
1032 1122 1204 1151 morsus

128 1178 309 1222 Roboris
331 1178 517 1222 Aeneas.
585 1178 709 1221 Dum
730 1178 895 1221 nititur
915 1193 1016 1222 acer
1037 1184 1082 1222 et
1104 1179 1258 1234 instat,

129 1249 297 1292 Rursus
317 1249 365 1292 in
386 1249 563 1307 aurigae
583 1250 742 1292 faeiem
758 1255 941 1293 'mutata
964 1250 1143 1294 Metisci

129 1320 352 1363 Procurrit
373 1320 586 1376 fratrique
609 1335 756 1363 ensem
779 1322 861 1364 dea
884 1321 1062 1364 Daunia
1084 1322 1240 1366 reddit.
1476 1318 1566 1366 785

130 1391 257 1445 Quod
279 1391 433 1433 Venus
455 1391 614 1434 audaci
635 1391 857 1448 nymphae
879 1391 1114 1449 indignata
1135 1393 1278 1449 licere,

129 1461 346 1516 Accessit,
373 1461 601 1518 telumque
624 1462 716 1504 alta
737 1462 793 1505 ab
816 1463 961 1505 radice
985 1462 1168 1507 revellit.

132 1532 224 1576 Olli
247 1532 471 1587 sublimes,
495 1532 630 1576 armis
652 1532 897 1590 animisque
920 1534 1084 1590 refecti,

129 1603 215 1646 Hic
237 1603 384 1660 gladio
406 1604 561 1660 fidens,
584 1604 656 1648 hic
680 1620 779 1648 acer
799 1610 845 1648 et
869 1606 1034 1649 arduus
1055 1605 1201 1662 hasta,

129 1673 373 1718 Adsistunt
395 1680 548 1718 contra
570 1676 810 1719 certamine
834 1676 992 1719 Martis
1014 1677 1174 1722 anheli.
1479 1674 1569 1721 Ι790

187 1737 191 1741 ’
220 1745 446 1789 Junonem
467 1745 637 1789 interea
659 1762 735 1790 rex
758 1748 1076 1805 omnipotentis
1099 1747 1279 1805 Olympi

130 1816 401 1872 Alloquitur,
419 1816 543 1859 fulva
563 1832 737 1874 pugnas
759 1818 812 1861 de
834 1819 952 1861 nube
975 1823 1203 1862 tuentem:

133 1887 160 1908 ‘⁶
177 1887 298 1940 Quae
315 1886 410 1943 jam
432 1887 532 1931 finis
554 1888 651 1944 erit,
675 1888 835 1945 conjux
854 1890 875 1932 ?
911 1889 1019 1945 quid
1040 1889 1228 1945 denique
1251 1889 1426 1932 restat?

134 1958 161 1979 “
179 1959 432 2016 Indigetem
454 1959 638 2002 Aenean
660 1959 742 2003 seis
763 1959 872 2016 ipsa,
897 1964 942 2002 et
966 1960 1073 2003 seire
1096 1960 1263 2017 fateris,

135 2029 162 2050 “
180 2029 343 2072 Deberi
365 2029 496 2085 coelo,
521 2029 712 2086 fatisque
735 2031 791 2073 ad
815 2030 955 2073 sidera
977 2031 1085 2074 tolli.
1418 2059 1423 2072 -
1481 2029 1570 2077 ’795

134 2099 162 2121 “
182 2100 299 2154 Quid
321 2100 468 2156 struis,
493 2105 572 2143 aut
595 2114 682 2156 qua
706 2116 781 2157 spe
803 2101 956 2158 gelidis
978 2101 1024 2144 in
1045 2102 1238 2146 nubibus
1259 2102 1409 2146 haeres
1425 2104 1446 2146 Ρ

135 2171 162 2192 “
184 2171 407 2214 Mortalin’
431 2171 580 2215 decuit
603 2171 755 2215 violari
777 2173 955 2216 vulnere
979 2173 1147 2230 divum,

135 2242 278 2285 “Aut
300 2243 592 2298 ensem-quid
615 2242 733 2285 enim
758 2243 850 2286 sine
874 2249 917 2287 tc
941 2244 1140 2288 Juturna
1162 2245 1327 2288 valeret
1347 2247 1400 2289 Ρ-

135 2313 162 2334 “
181 2313 403 2369 Ereptum
426 2313 548 2356 reddi
571 2314 740 2369 Turno,
765 2320 810 2357 et
832 2315 922 2357 vim
945 2331 1130 2359 cresccre
1151 2316 1279 2359 victis
1293 2317 1316 2360 Ρ

136 2383 163 2405 “
182 2384 344 2427 Desine
362 2385 459 2440 jam
481 2385 678 2440 tandem,
703 2385 989 2442 precibusque
1011 2386 1232 2430 inflectere
1255 2386 1416 2430 nostris
1437 2400 1447 2441 ;
1482 2387 1571 2429 800

137 2453 163 2474 “
184 2454 277 2496 Nec
302 2461 345 2497 te
369 2459 528 2497 tantus
551 2455 653 2497 edat
676 2455 862 2497 tacitam
885 2457 1016 2511 dolor,
1041 2462 1086 2499 et
1109 2457 1219 2499 mihi
1241 2471 1370 2500 curae

138 2525 165 2546 “
189 2525 326 2582 Saepe
349 2532 427 2569 tuo
449 2525 568 2568 dulei
591 2525 737 2569 tristes
761 2540 815 2568 cx
839 2541 908 2568 orc
931 2532 1165 2571 recursent.

138 2596 164 2617 “
188 2595 388 2640 Ventum
411 2598 466 2640 ad
491 2611 745 2654 supremum
769 2602 848 2641 est.
915 2598 1061 2641 Terris
1083 2599 1251 2656 agitare
1275 2600 1344 2642 vel
1366 2600 1496 2644 undis
