1731 2923
616 146 847 177 AENEmos
879 147 965 177 ΜΒ.
999 148 1028 177 1.
1494 122 1549 181 11

119 254 503 310 “Magnanimum
525 253 723 310 Aenean,
748 269 889 311 neque
911 268 981 296 me
1004 253 1227 297 sententia
1244 256 1390 300 vertit.
1466 258 1555 301 260

119 326 146 347 ‘⁶
165 325 362 369 Hic-tibi
382 326 507 368 fabor
529 325 660 381 enim,
685 327 863 382 quando
884 326 992 368 haec
1015 314 1060 368 te
1085 341 1188 368 cura
1213 328 1446 383 remordet,

120 397 147 418 “
165 397 360 454 Longius
383 403 428 440 et
450 397 627 440 volvens
649 397 842 440 fatorum
865 412 1024 440 arcana
1047 398 1251 440 movebo-

119 468 146 489 “
167 468 345 513 Bellum
366 468 521 525 ingens
544 474 664 525 geret
683 468 832 524 Italia,
858 468 1131 525 populosque
1153 468 1315 512 feroces

120 539 148 562 ‘⁴
167 540 438 596 Contundet,
459 554 685 596 moresque
707 540 810 583 viris
834 545 879 583 et
904 539 1079 583 moenia
1102 546 1252 597 ponet,

121 610 148 632 “
169 611 318 653 Tertia
341 611 447 654 dum
471 611 600 654 Latio
624 617 884 668 regnantem
904 611 1064 654 viderit
1087 617 1245 667 aestas,
1474 614 1559 657 265

122 680 150 702 “
172 681 403 737 Ternaque
425 681 682 724 transierint
702 682 883 725 Rutulis
905 682 1086 724 hiberna
1109 682 1316 726 subactis.

122 752 149 773 “
168 753 234 794 At
256 768 364 809 puer
386 752 619 809 Ascanius,
644 753 716 795 cui
738 767 854 796 nunc
879 767 1121 810 cognomen
1143 753 1242 796 Iulo

122 824 149 844 ‘⁷‘
168 823 484 867 Additur-Ilus
502 830 607 880 erat,
632 825 739 866 dum
762 839 827 867 res
850 824 977 867 stetit
996 824 1081 867 Ilia
1104 839 1272 881 regno-7

123 895 150 915 ‘⁴
168 895 371 951 Triginta
392 909 574 951 magnos
596 895 821 937 volvendis
844 896 1067 938 mensibus
1090 896 1212 939 orbes

123 965 151 987 “
172 965 361 1022 Imperio
384 965 596 1022 explebit,
616 979 889 1022 regnumque
912 966 967 1008 ab
991 967 1091 1009 sede
1114 966 1272 1008 Lavini
1470 965 1559 1011 270

122 1038 150 1058 “
170 1037 438 1093 Transferet,
458 1042 504 1080 et
527 1037 727 1094 Longam
751 1037 896 1080 multa
919 1037 963 1079 vi
983 1037 1156 1079 muniet
1179 1037 1356 1081 Albam.

123 1109 151 1130 ⁶⁶
170 1109 259 1151 Hic
277 1108 371 1165 jam
395 1114 463 1151 ter
484 1113 665 1151 eentum
687 1113 804 1151 totos
827 1107 1082 1165 regnabitur
1104 1123 1240 1151 annos

123 1180 153 1202 “
173 1180 318 1224 Gente
342 1180 423 1223 sub
446 1179 680 1236 Hectorea,
705 1180 841 1222 (101100
866 1179 1016 1236 regina
1039 1179 1235 1221 sacerdos

127 1251 154 1272 ‘⁴
175 1251 320 1300 Marte
343 1251 487 1309 gravis
509 1251 736 1308 geminam
758 1255 891 1307 partu
912 1250 1038 1293 dabit
1061 1250 1148 1293 Ilia
1169 1250 1349 1307 prolem.

124 1323 152 1344 ‘⁴
170 1323 280 1366 Inde
303 1323 435 1380 lupae
456 1322 577 1365 fulvo
600 1322 786 1365 nutricis
807 1321 1003 1379 tegmine
1025 1322 1170 1364 laetus
1473 1317 1562 1365 275

125 1394 152 1415 ‘⁴
171 1395 388 1454 Romulus
410 1393 601 1450 excipiet
623 1399 813 1451 gentem,
833 1398 878 1436 et
903 1392 1123 1436 Mavortia
1145 1393 1304 1435 condet

125 1466 152 1487 ‘⁶
171 1466 359 1522 Moenia,
385 1466 695 1522 Romanosque
719 1480 795 1508 suo
815 1466 867 1508 de
890 1465 1065 1508 nomine
1088 1464 1217 1508 dicet.

126 1537 154 1558 ‘⁶
174 1538 258 1580 His
280 1552 357 1595 ego
379 1552 458 1580 nec
476 1543 620 1580 metas
643 1551 789 1579 rerum
815 1550 893 1578 nec
909 1541 1110 1592 tempora
1132 1549 1245 1591 pono
1265 1547 1277 1578 :

127 1609 154 1629 ‘⁶
169 1608 414 1665 Imperium
437 1608 527 1650 sine
548 1607 636 1649 fine
659 1607 772 1649 dedi.
840 1605 959 1659 Quin
981 1620 1133 1662 aspera
1155 1604 1186 1647 J
1193 1619 1289 1659 uno,

127 1680 153 1701 ‘⁴
172 1681 293 1734 Quae
315 1693 432 1721 marc
454 1693 571 1720 nunc
594 1683 817 1733 terrasque
831 1681 957 1718 metu
980 1675 1238 1731 coelumque
1261 1673 1438 1730 fatigat,
1473 1674 1563 1716 280

128 1751 156 1773 “
176 1751 368 1794 Consilia
388 1750 435 1793 in
456 1749 614 1792 melius
636 1749 806 1804 referet,
830 1756 1093 1803 mecumque
1114 1746 1283 1789 fovebit

128 1822 156 1843 “
176 1822 412 1877 Romanos,
438 1835 580 1863 rerum
597 1820 795 1863 dominos
817 1824 1083 1876 gentemque
1106 1823 1318 1874 togatam.
1337 1837 1370 1869 g„

132 1893 161 1914 ‘⁶
181 1892 258 1938 Sic*
275 1892 504 1950 placitum.
570 1891 734 1935 Veniet
755 1891 906 1934 lustris
927 1890 1182 1933 labentibus
1204 1880 1346 1944 aetas,

130 1965 157 1986 ‘⁶
174 1965 321 2019 Quum
344 1965 501 2007 domus
524 1963 729 2006 Assaraci
751 1962 970 2005 Phthiam
991 1961 1215 2017 clarasque
1239 1959 1446 2016 Mycenas

131 2037 158 2058 ‘⁶
176 2037 360 2080 Servitio
382 2041 552 2093 premet
574 2050 624 2078 ac
647 2034 775 2078 victis
798 2033 1098 2076 dominabitur
1118 2031 1262 2089 Argis.
1477 2032 1565 2075 285

131 2109 159 2129 “
177 2108 399 2151 Nascetur
420 2108 606 2165 pulchra
630 2105 847 2162 Trojanus
871 2105 1033 2162 origine
1058 2104 1231 2159 Caesar,

133 2179 161 2201 ‘⁶
180 2179 426 2236 Imperium
451 2178 641 2233 Oceano,
664 2177 830 2219 famam
853 2176 930 2232 qui
952 2175 1162 2218 terminet
1179 2174 1322 2229 astris,

134 2251 162 2272 ‘⁶
181 2251 349 2305 Julius,
374 2264 399 2292 a
421 2263 583 2305 magno
606 2247 847 2290 demissum
868 2260 1027 2288 nomen
1048 2245 1148 2287 Iulo
1171 2259 1180 2287 :

134 2322 162 2343 “
184 2321 317 2364 Hunc
335 2326 388 2363 tu
410 2320 514 2362 olim
537 2319 668 2374 coelo,
694 2317 841 2374 spoliis
864 2316 1057 2360 Orientis
1081 2318 1306 2369 onustum,

135 2393 163 2414 ‘⁶
183 2391 390 2449 Accipies
407 2405 557 2433 secura
578 2403 590 2444 3
625 2388 853 2431 vocabitur
871 2387 942 2429 hic
966 2399 1140 2442 quoque
1161 2384 1287 2428 Votis.
1471 2383 1562 2427 290

137 2463 165 2485 “
185 2464 357 2521 Aspera
379 2468 480 2505 tum
500 2460 653 2518 positis
675 2459 909 2502 mitescent
933 2457 1078 2500 secula
1101 2455 1225 2498 bellis
1245 2470 1255 2509 ;

139 2535 305 2578 “Cana
324 2533 471 2589 Fides,
495 2538 540 2575 et
563 2531 716 2587 Vesta,
741 2531 880 2573 Remo
904 2544 1005 2572 cum
1025 2528 1158 2570 fratre
1184 2526 1409 2582 Quirinus,

142 2606 166 2628 “
184 2606 300 2650 Jura
320 2605 492 2648 dabunt
509 2619 520 2659 3
554 2603 674 2647 dirae
695 2603 806 2646 ferro
829 2607 873 2644 et
898 2599 1182 2658 compagibus
1205 2599 1311 2642 artis
