<?xml version="1.0" encoding="UTF-8"?>
<!DOCTYPE html PUBLIC "-//W3C//DTD XHTML 1.0 Transitional//EN"
    "http://www.w3.org/TR/xhtml1/DTD/xhtml1-transitional.dtd">
<html xmlns="http://www.w3.org/1999/xhtml" xml:lang="en" lang="en">
 <head>
  <title>
</title>
<meta http-equiv="Content-Type" content="text/html;charset=utf-8" />
  <meta name='ocr-system' content='tesseract 3.04.00' />
  <meta name='ocr-capabilities' content='ocr_page ocr_carea ocr_par ocr_line ocrx_word'/>
</head>
<body>
  <div class='ocr_page' id='page_1' title='image "aeneidfri00virguoft_0235.png"; bbox 0 0 1741 2902; ppageno 0'>
   <div class='ocr_carea' id='block_1_1' title="bbox 596 141 1540 189">
    <p class='ocr_par' dir='ltr' id='par_1_1' title="bbox 596 141 1540 189">
     <span class='ocr_line' id='line_1_1' title="bbox 596 141 1540 189; baseline 0.018 -18"><span class='ocrx_word' id='word_1_1' title='bbox 596 141 825 174; x_wconf 67' lang='lat' dir='ltr'>AENEIDos</span> <span class='ocrx_word' id='word_1_2' title='bbox 857 146 944 178; x_wconf 72' lang='grc' dir='ltr'>ΠΒ.</span> <span class='ocrx_word' id='word_1_3' title='bbox 979 148 1030 178; x_wconf 84' lang='lat' dir='ltr'>1x</span> <span class='ocrx_word' id='word_1_4' title='bbox 1452 144 1540 189; x_wconf 83' lang='lat'>209</span> 
     </span>
    </p>
   </div>
   <div class='ocr_carea' id='block_1_2' title="bbox 67 241 1538 2655">
    <p class='ocr_par' dir='ltr' id='par_1_2' title="bbox 113 241 1312 313">
     <span class='ocr_line' id='line_1_2' title="bbox 113 241 1312 313; baseline 0.015 -28"><span class='ocrx_word' id='word_1_5' title='bbox 113 241 210 286; x_wconf 87' lang='lat' dir='ltr'>Hoc</span> <span class='ocrx_word' id='word_1_6' title='bbox 232 244 343 289; x_wconf 88' lang='lat' dir='ltr'>fletu</span> <span class='ocrx_word' id='word_1_7' title='bbox 364 248 560 291; x_wconf 76' lang='lat' dir='ltr'>concussi</span> <span class='ocrx_word' id='word_1_8' title='bbox 582 249 732 307; x_wconf 86' lang='lat' dir='ltr'>animi,</span> <span class='ocrx_word' id='word_1_9' title='bbox 757 258 1042 311; x_wconf 82' lang='lat' dir='ltr'>maestusque</span> <span class='ocrx_word' id='word_1_10' title='bbox 1064 271 1142 313; x_wconf 84' lang='lat' dir='ltr'>per</span> <span class='ocrx_word' id='word_1_11' title='bbox 1163 273 1312 303; x_wconf 88' lang='lat' dir='ltr'>omnes</span> 
     </span>
    </p>

    <p class='ocr_par' dir='ltr' id='par_1_3' title="bbox 111 312 1247 382">
     <span class='ocr_line' id='line_1_3' title="bbox 111 312 1247 382; baseline 0.016 -27"><span class='ocrx_word' id='word_1_12' title='bbox 111 312 157 355; x_wconf 89' lang='lat' dir='ltr'>It</span> <span class='ocrx_word' id='word_1_13' title='bbox 179 316 397 371; x_wconf 81' lang='lat' dir='ltr'>gemitus3</span> <span class='ocrx_word' id='word_1_14' title='bbox 431 323 608 376; x_wconf 91' lang='lat' dir='ltr'>torpent</span> <span class='ocrx_word' id='word_1_15' title='bbox 630 321 840 366; x_wconf 78' lang='lat' dir='ltr'>infractae</span> <span class='ocrx_word' id='word_1_16' title='bbox 863 326 918 367; x_wconf 81' lang='lat' dir='ltr'>ad</span> <span class='ocrx_word' id='word_1_17' title='bbox 940 328 1104 382; x_wconf 79' lang='lat' dir='ltr'>proelia</span> <span class='ocrx_word' id='word_1_18' title='bbox 1125 329 1247 373; x_wconf 82' lang='lat' dir='ltr'>vires.</span> 
     </span>
    </p>

    <p class='ocr_par' dir='ltr' id='par_1_4' title="bbox 109 384 1538 527">
     <span class='ocr_line' id='line_1_4' title="bbox 110 384 1538 456; baseline 0.016 -30"><span class='ocrx_word' id='word_1_19' title='bbox 110 384 244 428; x_wconf 80' lang='lat' dir='ltr'>Illam</span> <span class='ocrx_word' id='word_1_20' title='bbox 265 387 572 432; x_wconf 84' lang='lat' dir='ltr'>incendentem</span> <span class='ocrx_word' id='word_1_21' title='bbox 594 392 741 436; x_wconf 83' lang='lat' dir='ltr'>luctus</span> <span class='ocrx_word' id='word_1_22' title='bbox 764 395 924 439; x_wconf 73' lang='lat' dir='ltr'>Idaeus</span> <span class='ocrx_word' id='word_1_23' title='bbox 946 403 991 440; x_wconf 81' lang='lat' dir='ltr'>et</span> <span class='ocrx_word' id='word_1_24' title='bbox 1014 399 1164 456; x_wconf 76' lang='lat' dir='ltr'>Actor,</span> <span class='ocrx_word' id='word_1_25' title='bbox 1451 406 1538 449; x_wconf 87' lang='grc'>500</span> 
     </span>
     <span class='ocr_line' id='line_1_5' title="bbox 109 456 1159 527; baseline 0.015 -29"><span class='ocrx_word' id='word_1_26' title='bbox 109 456 263 500; x_wconf 86' lang='lat' dir='ltr'>Ilionei</span> <span class='ocrx_word' id='word_1_27' title='bbox 285 460 458 503; x_wconf 85' lang='lat' dir='ltr'>monitu</span> <span class='ocrx_word' id='word_1_28' title='bbox 481 467 524 504; x_wconf 87' lang='lat' dir='ltr'>et</span> <span class='ocrx_word' id='word_1_29' title='bbox 547 465 741 507; x_wconf 86' lang='lat' dir='ltr'>multum</span> <span class='ocrx_word' id='word_1_30' title='bbox 764 467 1033 512; x_wconf 71' lang='lat' dir='ltr'>lacrimantis</span> <span class='ocrx_word' id='word_1_31' title='bbox 1058 471 1159 527; x_wconf 83' lang='lat' dir='ltr'>Iuli,</span> 
     </span>
    </p>

    <p class='ocr_par' dir='ltr' id='par_1_5' title="bbox 109 527 1263 598">
     <span class='ocr_line' id='line_1_6' title="bbox 109 527 1263 598; baseline 0.016 -29"><span class='ocrx_word' id='word_1_32' title='bbox 109 527 362 585; x_wconf 84' lang='lat' dir='ltr'>Corripiunt</span> <span class='ocrx_word' id='word_1_33' title='bbox 385 531 586 589; x_wconf 89' lang='lat' dir='ltr'>interque</span> <span class='ocrx_word' id='word_1_34' title='bbox 609 550 766 579; x_wconf 82' lang='lat' dir='ltr'>manus</span> <span class='ocrx_word' id='word_1_35' title='bbox 789 539 870 581; x_wconf 87' lang='lat' dir='ltr'>sub</span> <span class='ocrx_word' id='word_1_36' title='bbox 893 545 1012 583; x_wconf 72' lang='lat' dir='ltr'>tecta</span> <span class='ocrx_word' id='word_1_37' title='bbox 1036 551 1263 598; x_wconf 84' lang='lat' dir='ltr'>reponunt.</span> 
     </span>
    </p>

    <p class='ocr_par' dir='ltr' id='par_1_6' title="bbox 101 599 1530 958">
     <span class='ocr_line' id='line_1_7' title="bbox 197 599 1340 667; baseline 0.016 -26"><span class='ocrx_word' id='word_1_38' title='bbox 197 599 262 642; x_wconf 88' lang='lat' dir='ltr'>At</span> <span class='ocrx_word' id='word_1_39' title='bbox 286 602 396 644; x_wconf 79' lang='lat' dir='ltr'>tuba</span> <span class='ocrx_word' id='word_1_40' title='bbox 418 604 650 647; x_wconf 74' lang='lat' dir='ltr'>terribilem</span> <span class='ocrx_word' id='word_1_41' title='bbox 677 608 868 651; x_wconf 87' lang='lat' dir='ltr'>sonitum</span> <span class='ocrx_word' id='word_1_42' title='bbox 889 613 1041 667; x_wconf 87' lang='lat' dir='ltr'>procul</span> <span class='ocrx_word' id='word_1_43' title='bbox 1064 629 1160 657; x_wconf 76' lang='lat' dir='ltr'>aere</span> <span class='ocrx_word' id='word_1_44' title='bbox 1183 631 1340 659; x_wconf 74' lang='lat' dir='ltr'>canoro</span> 
     </span>
     <span class='ocr_line' id='line_1_8' title="bbox 105 668 1299 743; baseline 0.017 -33"><span class='ocrx_word' id='word_1_45' title='bbox 105 668 333 727; x_wconf 84' lang='lat' dir='ltr'>Increpuit</span> <span class='ocrx_word' id='word_1_46' title='bbox 353 687 365 727; x_wconf 79' lang='lat'><em>3</em></span> <span class='ocrx_word' id='word_1_47' title='bbox 400 675 598 730; x_wconf 86' lang='lat' dir='ltr'>sequitur</span> <span class='ocrx_word' id='word_1_48' title='bbox 620 677 793 735; x_wconf 72' lang='lat' dir='ltr'>elamor,</span> <span class='ocrx_word' id='word_1_49' title='bbox 819 682 1074 739; x_wconf 85' lang='lat' dir='ltr'>coelumque</span> <span class='ocrx_word' id='word_1_50' title='bbox 1097 688 1299 743; x_wconf 80' lang='lat' dir='ltr'>remugit.</span> 
     </span>
     <span class='ocr_line' id='line_1_9' title="bbox 103 739 1530 812; baseline 0.016 -30"><span class='ocrx_word' id='word_1_51' title='bbox 103 739 362 787; x_wconf 79' lang='lat' dir='ltr'>Accelerant</span> <span class='ocrx_word' id='word_1_52' title='bbox 385 750 485 788; x_wconf 79' lang='lat' dir='ltr'>acta</span> <span class='ocrx_word' id='word_1_53' title='bbox 507 748 670 804; x_wconf 82' lang='lat' dir='ltr'>pariter</span> <span class='ocrx_word' id='word_1_54' title='bbox 693 752 913 795; x_wconf 86' lang='lat' dir='ltr'>testudine</span> <span class='ocrx_word' id='word_1_55' title='bbox 937 754 1101 812; x_wconf 78' lang='lat' dir='ltr'>Volsci,</span> <span class='ocrx_word' id='word_1_56' title='bbox 1443 762 1530 805; x_wconf 86' lang='lat'>505</span> 
     </span>
     <span class='ocr_line' id='line_1_10' title="bbox 101 811 1170 883; baseline 0.016 -29"><span class='ocrx_word' id='word_1_57' title='bbox 101 811 163 854; x_wconf 89' lang='lat' dir='ltr'>Et</span> <span class='ocrx_word' id='word_1_58' title='bbox 184 813 320 858; x_wconf 80' lang='lat' dir='ltr'>fossas</span> <span class='ocrx_word' id='word_1_59' title='bbox 342 815 520 873; x_wconf 89' lang='lat' dir='ltr'>implere</span> <span class='ocrx_word' id='word_1_60' title='bbox 544 827 700 875; x_wconf 79' lang='lat' dir='ltr'>parant</span> <span class='ocrx_word' id='word_1_61' title='bbox 722 836 771 865; x_wconf 86' lang='lat' dir='ltr'>ac</span> <span class='ocrx_word' id='word_1_62' title='bbox 794 825 949 868; x_wconf 86' lang='lat' dir='ltr'>vellere</span> <span class='ocrx_word' id='word_1_63' title='bbox 974 828 1141 870; x_wconf 80' lang='lat' dir='ltr'>vallum</span> <span class='ocrx_word' id='word_1_64' title='bbox 1159 843 1170 883; x_wconf 81' lang='lat'>3</span> 
     </span>
     <span class='ocr_line' id='line_1_11' title="bbox 102 882 1347 958; baseline 0.017 -34"><span class='ocrx_word' id='word_1_65' title='bbox 102 882 328 935; x_wconf 79' lang='lat' dir='ltr'>Quaerunt</span> <span class='ocrx_word' id='word_1_66' title='bbox 350 902 452 943; x_wconf 82' lang='lat' dir='ltr'>pars</span> <span class='ocrx_word' id='word_1_67' title='bbox 474 889 659 946; x_wconf 78' lang='lat' dir='ltr'>aditum,</span> <span class='ocrx_word' id='word_1_68' title='bbox 685 897 728 934; x_wconf 91' lang='lat' dir='ltr'>et</span> <span class='ocrx_word' id='word_1_69' title='bbox 753 895 880 937; x_wconf 82' lang='lat' dir='ltr'>scalis</span> <span class='ocrx_word' id='word_1_70' title='bbox 904 897 1164 941; x_wconf 75' lang='lat' dir='ltr'>adscendere</span> <span class='ocrx_word' id='word_1_71' title='bbox 1186 915 1347 958; x_wconf 75' lang='lat' dir='ltr'>muros,</span> 
     </span>
    </p>

    <p class='ocr_par' dir='ltr' id='par_1_7' title="bbox 67 954 1526 2157">
     <span class='ocr_line' id='line_1_12' title="bbox 101 954 1079 1020; baseline 0.014 -24"><span class='ocrx_word' id='word_1_72' title='bbox 101 954 198 1006; x_wconf 79' lang='lat' dir='ltr'>Qua</span> <span class='ocrx_word' id='word_1_73' title='bbox 220 970 315 998; x_wconf 80' lang='lat' dir='ltr'>rara</span> <span class='ocrx_word' id='word_1_74' title='bbox 337 963 403 1000; x_wconf 85' lang='lat' dir='ltr'>est</span> <span class='ocrx_word' id='word_1_75' title='bbox 425 959 553 1015; x_wconf 79' lang='lat' dir='ltr'>acies,</span> <span class='ocrx_word' id='word_1_76' title='bbox 577 960 900 1020; x_wconf 81' lang='lat' dir='ltr'>interlucetque</span> <span class='ocrx_word' id='word_1_77' title='bbox 923 981 1079 1010; x_wconf 81' lang='lat' dir='ltr'>corona</span> 
     </span>
     <span class='ocr_line' id='line_1_13' title="bbox 97 1023 1297 1084; baseline 0.015 -19"><span class='ocrx_word' id='word_1_78' title='bbox 97 1023 199 1066; x_wconf 88' lang='lat' dir='ltr'>Non</span> <span class='ocrx_word' id='word_1_79' title='bbox 221 1030 314 1068; x_wconf 84' lang='lat' dir='ltr'>tam</span> <span class='ocrx_word' id='word_1_80' title='bbox 337 1028 474 1084; x_wconf 80' lang='lat' dir='ltr'>spissa</span> <span class='ocrx_word' id='word_1_81' title='bbox 495 1030 607 1074; x_wconf 84' lang='lat' dir='ltr'>viris.</span> <span class='ocrx_word' id='word_1_82' title='bbox 674 1026 878 1076; x_wconf 87' lang='lat' dir='ltr'>Telorum</span> <span class='ocrx_word' id='word_1_83' title='bbox 901 1036 1122 1080; x_wconf 83' lang='lat' dir='ltr'>effundere</span> <span class='ocrx_word' id='word_1_84' title='bbox 1146 1046 1297 1083; x_wconf 78' lang='lat' dir='ltr'>contra</span> 
     </span>
     <span class='ocr_line' id='line_1_14' title="bbox 97 1093 1526 1166; baseline 0.016 -30"><span class='ocrx_word' id='word_1_85' title='bbox 97 1093 237 1138; x_wconf 86' lang='lat' dir='ltr'>Omne</span> <span class='ocrx_word' id='word_1_86' title='bbox 258 1111 394 1153; x_wconf 88' lang='lat' dir='ltr'>genus</span> <span class='ocrx_word' id='word_1_87' title='bbox 418 1098 576 1143; x_wconf 84' lang='lat' dir='ltr'>Teucri</span> <span class='ocrx_word' id='word_1_88' title='bbox 599 1116 648 1144; x_wconf 81' lang='lat' dir='ltr'>ac</span> <span class='ocrx_word' id='word_1_89' title='bbox 672 1103 791 1147; x_wconf 88' lang='lat' dir='ltr'>duris</span> <span class='ocrx_word' id='word_1_90' title='bbox 813 1106 1045 1150; x_wconf 85' lang='lat' dir='ltr'>detrudere</span> <span class='ocrx_word' id='word_1_91' title='bbox 1068 1110 1223 1166; x_wconf 82' lang='lat' dir='ltr'>contis,</span> <span class='ocrx_word' id='word_1_92' title='bbox 1438 1117 1526 1159; x_wconf 82' lang='lat'>510</span> 
     </span>
     <span class='ocr_line' id='line_1_15' title="bbox 94 1163 987 1224; baseline 0.017 -19"><span class='ocrx_word' id='word_1_93' title='bbox 94 1163 277 1208; x_wconf 87' lang='lat' dir='ltr'>Assueti</span> <span class='ocrx_word' id='word_1_94' title='bbox 297 1167 425 1224; x_wconf 91' lang='lat' dir='ltr'>longo</span> <span class='ocrx_word' id='word_1_95' title='bbox 447 1184 592 1214; x_wconf 81' lang='lat' dir='ltr'>muros</span> <span class='ocrx_word' id='word_1_96' title='bbox 615 1173 842 1217; x_wconf 87' lang='lat' dir='ltr'>defendere</span> <span class='ocrx_word' id='word_1_97' title='bbox 863 1176 987 1220; x_wconf 86' lang='lat' dir='ltr'>bello.</span> 
     </span>
     <span class='ocr_line' id='line_1_16' title="bbox 95 1234 1236 1308; baseline 0.014 -29"><span class='ocrx_word' id='word_1_98' title='bbox 95 1234 212 1279; x_wconf 80' lang='lat' dir='ltr'>Saxa</span> <span class='ocrx_word' id='word_1_99' title='bbox 235 1251 407 1294; x_wconf 88' lang='lat' dir='ltr'>quoque</span> <span class='ocrx_word' id='word_1_100' title='bbox 430 1239 586 1284; x_wconf 83' lang='lat' dir='ltr'>infesto</span> <span class='ocrx_word' id='word_1_101' title='bbox 608 1244 840 1288; x_wconf 74' lang='lat' dir='ltr'>volvebant</span> <span class='ocrx_word' id='word_1_102' title='bbox 862 1249 1064 1305; x_wconf 82' lang='lat' dir='ltr'>pondere,</span> <span class='ocrx_word' id='word_1_103' title='bbox 1091 1250 1125 1293; x_wconf 87' lang='lat' dir='ltr'>si</span> <span class='ocrx_word' id='word_1_104' title='bbox 1148 1266 1236 1308; x_wconf 79' lang='lat' dir='ltr'>qua</span> 
     </span>
     <span class='ocr_line' id='line_1_17' title="bbox 93 1306 1472 1376; baseline 0.017 -29"><span class='ocrx_word' id='word_1_105' title='bbox 93 1306 279 1350; x_wconf 83' lang='lat' dir='ltr'>Possent</span> <span class='ocrx_word' id='word_1_106' title='bbox 302 1314 469 1352; x_wconf 81' lang='lat' dir='ltr'>tectam</span> <span class='ocrx_word' id='word_1_107' title='bbox 491 1310 629 1355; x_wconf 58' lang='lat' dir='ltr'>abiem</span> <span class='ocrx_word' id='word_1_108' title='bbox 652 1329 928 1374; x_wconf 82' lang='lat' dir='ltr'>perrumpere</span> <span class='ocrx_word' id='word_1_109' title='bbox 944 1333 955 1374; x_wconf 69' lang='lat'>5</span> <span class='ocrx_word' id='word_1_110' title='bbox 990 1334 1128 1376; x_wconf 88' lang='lat' dir='ltr'>quum</span> <span class='ocrx_word' id='word_1_111' title='bbox 1151 1328 1301 1367; x_wconf 83' lang='lat' dir='ltr'>tamen</span> <span class='ocrx_word' id='word_1_112' title='bbox 1324 1340 1472 1370; x_wconf 84' lang='lat' dir='ltr'>omnes</span> 
     </span>
     <span class='ocr_line' id='line_1_18' title="bbox 91 1375 1097 1436; baseline 0.017 -19"><span class='ocrx_word' id='word_1_113' title='bbox 91 1375 220 1419; x_wconf 83' lang='lat' dir='ltr'>Ferre</span> <span class='ocrx_word' id='word_1_114' title='bbox 236 1377 365 1434; x_wconf 84' lang='lat' dir='ltr'>juvat</span> <span class='ocrx_word' id='word_1_115' title='bbox 388 1381 537 1424; x_wconf 88' lang='lat' dir='ltr'>subter</span> <span class='ocrx_word' id='word_1_116' title='bbox 558 1384 692 1427; x_wconf 80' lang='lat' dir='ltr'>densa</span> <span class='ocrx_word' id='word_1_117' title='bbox 714 1388 936 1431; x_wconf 78' lang='lat' dir='ltr'>testudine</span> <span class='ocrx_word' id='word_1_118' title='bbox 959 1405 1097 1436; x_wconf 87' lang='lat' dir='ltr'>casus.</span> 
     </span>
     <span class='ocr_line' id='line_1_19' title="bbox 91 1445 1519 1523; baseline 0.018 -36"><span class='ocrx_word' id='word_1_119' title='bbox 91 1445 184 1489; x_wconf 87' lang='lat' dir='ltr'>Nec</span> <span class='ocrx_word' id='word_1_120' title='bbox 202 1447 297 1503; x_wconf 80' lang='lat' dir='ltr'>jam</span> <span class='ocrx_word' id='word_1_121' title='bbox 320 1450 544 1495; x_wconf 86' lang='lat' dir='ltr'>sufficiunt</span> <span class='ocrx_word' id='word_1_122' title='bbox 564 1468 573 1497; x_wconf 89' lang='lat'>:</span> <span class='ocrx_word' id='word_1_123' title='bbox 609 1469 727 1511; x_wconf 75' lang='lat' dir='ltr'>nam,</span> <span class='ocrx_word' id='word_1_124' title='bbox 748 1472 835 1512; x_wconf 79' lang='lat' dir='ltr'>qua</span> <span class='ocrx_word' id='word_1_125' title='bbox 857 1459 1010 1515; x_wconf 82' lang='lat' dir='ltr'>globus</span> <span class='ocrx_word' id='word_1_126' title='bbox 1028 1462 1229 1507; x_wconf 85' lang='lat' dir='ltr'>imminet</span> <span class='ocrx_word' id='word_1_127' title='bbox 1246 1466 1410 1523; x_wconf 82' lang='lat' dir='ltr'>ingens,</span> <span class='ocrx_word' id='word_1_128' title='bbox 1432 1470 1519 1512; x_wconf 86' lang='lat'>515</span> 
     </span>
     <span class='ocr_line' id='line_1_20' title="bbox 90 1515 1251 1590; baseline 0.016 -32"><span class='ocrx_word' id='word_1_129' title='bbox 90 1515 337 1561; x_wconf 75' lang='lat' dir='ltr'>Immanem</span> <span class='ocrx_word' id='word_1_130' title='bbox 361 1521 518 1565; x_wconf 81' lang='lat' dir='ltr'>Teucri</span> <span class='ocrx_word' id='word_1_131' title='bbox 539 1526 698 1567; x_wconf 86' lang='lat' dir='ltr'>molem</span> <span class='ocrx_word' id='word_1_132' title='bbox 721 1528 990 1586; x_wconf 81' lang='lat' dir='ltr'>volvuntque</span> <span class='ocrx_word' id='word_1_133' title='bbox 1013 1539 1251 1590; x_wconf 84' lang='lat' dir='ltr'>ruuntque,</span> 
     </span>
     <span class='ocr_line' id='line_1_21' title="bbox 91 1588 1258 1658; baseline 0.017 -29"><span class='ocrx_word' id='word_1_134' title='bbox 91 1588 212 1641; x_wconf 79' lang='lat' dir='ltr'>Quae</span> <span class='ocrx_word' id='word_1_135' title='bbox 235 1591 391 1634; x_wconf 73' lang='lat' dir='ltr'>stravit</span> <span class='ocrx_word' id='word_1_136' title='bbox 416 1593 607 1638; x_wconf 80' lang='lat' dir='ltr'>Rutulos</span> <span class='ocrx_word' id='word_1_137' title='bbox 628 1596 731 1653; x_wconf 74' lang='lat' dir='ltr'>late,</span> <span class='ocrx_word' id='word_1_138' title='bbox 756 1613 1060 1658; x_wconf 84' lang='lat' dir='ltr'>armorumque</span> <span class='ocrx_word' id='word_1_139' title='bbox 1085 1606 1258 1649; x_wconf 79' lang='lat' dir='ltr'>resolvit</span> 
     </span>
     <span class='ocr_line' id='line_1_22' title="bbox 90 1658 1247 1719; baseline 0.017 -20"><span class='ocrx_word' id='word_1_140' title='bbox 90 1658 314 1716; x_wconf 77' lang='lat' dir='ltr'>Tegmina.</span> <span class='ocrx_word' id='word_1_141' title='bbox 380 1663 799 1713; x_wconf 35' lang='lat' dir='ltr'>Necscurant‘tcaeco</span> <span class='ocrx_word' id='word_1_142' title='bbox 822 1674 1080 1716; x_wconf 85' lang='lat' dir='ltr'>contendere</span> <span class='ocrx_word' id='word_1_143' title='bbox 1103 1675 1247 1719; x_wconf 65' lang='lat' dir='ltr'>Marte</span> 
     </span>
     <span class='ocr_line' id='line_1_23' title="bbox 86 1721 1113 1797; baseline 0.018 -27"><span class='ocrx_word' id='word_1_144' title='bbox 86 1725 509 1788; x_wconf 14' lang='lat' dir='ltr'>Ampliuswaffducesi</span> <span class='ocrx_word' id='word_1_145' title='bbox 524 1721 705 1793; x_wconf 52' lang='lat' dir='ltr'>Rutuli}</span> <span class='ocrx_word' id='word_1_146' title='bbox 721 1741 794 1782; x_wconf 82' lang='lat' dir='ltr'>sed</span> <span class='ocrx_word' id='word_1_147' title='bbox 817 1742 976 1797; x_wconf 87' lang='lat' dir='ltr'>pellere</span> <span class='ocrx_word' id='word_1_148' title='bbox 999 1746 1113 1788; x_wconf 82' lang='lat' dir='ltr'>vallo</span> 
     </span>
     <span class='ocr_line' id='line_1_24' title="bbox 86 1798 1514 1866; baseline 0.018 -26"><span class='ocrx_word' id='word_1_149' title='bbox 86 1799 325 1858; x_wconf 71' lang='lat' dir='ltr'>Missilibus</span> <span class='ocrx_word' id='word_1_150' title='bbox 348 1798 530 1849; x_wconf 63' lang='lat' dir='ltr'>certantss</span> <span class='ocrx_word' id='word_1_151' title='bbox 1426 1824 1514 1866; x_wconf 82' lang='lat'>520</span> 
     </span>
     <span class='ocr_line' id='line_1_25' title="bbox 85 1869 1218 1936; baseline 0.019 -25"><span class='ocrx_word' id='word_1_152' title='bbox 85 1869 216 1913; x_wconf 80' lang='lat' dir='ltr'>Parte</span> <span class='ocrx_word' id='word_1_153' title='bbox 238 1873 324 1915; x_wconf 82' lang='lat' dir='ltr'>alia</span> <span class='ocrx_word' id='word_1_154' title='bbox 344 1874 581 1920; x_wconf 83' lang='lat' dir='ltr'>horrendus</span> <span class='ocrx_word' id='word_1_155' title='bbox 604 1879 700 1922; x_wconf 77' lang='lat' dir='ltr'>visu</span> <span class='ocrx_word' id='word_1_156' title='bbox 723 1884 959 1936; x_wconf 78' lang='lat' dir='ltr'>quassabat</span> <span class='ocrx_word' id='word_1_157' title='bbox 982 1885 1218 1932; x_wconf 79' lang='lat' dir='ltr'>Etruscam</span> 
     </span>
     <span class='ocr_line' id='line_1_26' title="bbox 67 1940 1166 2015; baseline 0.018 -32"><span class='ocrx_word' id='word_1_158' title='bbox 67 1940 260 2000; x_wconf 77' lang='lat' dir='ltr'>Pinum,</span> <span class='ocrx_word' id='word_1_159' title='bbox 286 1950 330 1988; x_wconf 89' lang='lat' dir='ltr'>et</span> <span class='ocrx_word' id='word_1_160' title='bbox 351 1946 572 1992; x_wconf 84' lang='lat' dir='ltr'>fumiferos</span> <span class='ocrx_word' id='word_1_161' title='bbox 593 1950 725 1994; x_wconf 84' lang='lat' dir='ltr'>infert</span> <span class='ocrx_word' id='word_1_162' title='bbox 749 1953 993 2000; x_wconf 76' lang='lat' dir='ltr'>Mezentius</span> <span class='ocrx_word' id='word_1_163' title='bbox 1014 1958 1135 2015; x_wconf 87' lang='lat' dir='ltr'>ignes</span> <span class='ocrx_word' id='word_1_164' title='bbox 1155 1974 1166 2015; x_wconf 84' lang='lat'>;</span> 
     </span>
     <span class='ocr_line' id='line_1_27' title="bbox 82 2012 1244 2088; baseline 0.018 -34"><span class='ocrx_word' id='word_1_165' title='bbox 82 2012 147 2055; x_wconf 88' lang='lat' dir='ltr'>At</span> <span class='ocrx_word' id='word_1_166' title='bbox 171 2014 399 2073; x_wconf 85' lang='lat' dir='ltr'>Messapus</span> <span class='ocrx_word' id='word_1_167' title='bbox 423 2024 587 2075; x_wconf 81' lang='lat' dir='ltr'>equum</span> <span class='ocrx_word' id='word_1_168' title='bbox 612 2023 812 2079; x_wconf 80' lang='lat' dir='ltr'>domitor,</span> <span class='ocrx_word' id='word_1_169' title='bbox 837 2025 1067 2083; x_wconf 74' lang='lat' dir='ltr'>Neptunia</span> <span class='ocrx_word' id='word_1_170' title='bbox 1090 2033 1244 2088; x_wconf 71' lang='lat' dir='ltr'>proles,</span> 
     </span>
     <span class='ocr_line' id='line_1_28' title="bbox 82 2085 1159 2157; baseline 0.019 -32"><span class='ocrx_word' id='word_1_171' title='bbox 82 2085 309 2129; x_wconf 86' lang='lat' dir='ltr'>Rescindit</span> <span class='ocrx_word' id='word_1_172' title='bbox 331 2089 498 2133; x_wconf 83' lang='lat' dir='ltr'>vallum</span> <span class='ocrx_word' id='word_1_173' title='bbox 520 2097 564 2135; x_wconf 90' lang='lat' dir='ltr'>et</span> <span class='ocrx_word' id='word_1_174' title='bbox 587 2094 724 2138; x_wconf 77' lang='lat' dir='ltr'>scalas</span> <span class='ocrx_word' id='word_1_175' title='bbox 745 2095 793 2138; x_wconf 87' lang='lat' dir='ltr'>in</span> <span class='ocrx_word' id='word_1_176' title='bbox 814 2100 984 2142; x_wconf 81' lang='lat' dir='ltr'>moenia</span> <span class='ocrx_word' id='word_1_177' title='bbox 1006 2103 1159 2157; x_wconf 85' lang='lat' dir='ltr'>poscit.</span> 
     </span>
    </p>

    <p class='ocr_par' dir='ltr' id='par_1_8' title="bbox 76 2155 1505 2655">
     <span class='ocr_line' id='line_1_29' title="bbox 171 2155 1505 2228; baseline 0.019 -32"><span class='ocrx_word' id='word_1_178' title='bbox 171 2155 274 2211; x_wconf 83' lang='lat' dir='ltr'>Vos,</span> <span class='ocrx_word' id='word_1_179' title='bbox 299 2172 322 2199; x_wconf 96' lang='lat' dir='ltr'>o</span> <span class='ocrx_word' id='word_1_180' title='bbox 348 2158 555 2217; x_wconf 79' lang='lat' dir='ltr'>Calliope,</span> <span class='ocrx_word' id='word_1_181' title='bbox 580 2177 740 2220; x_wconf 77' lang='lat' dir='ltr'>precor,</span> <span class='ocrx_word' id='word_1_182' title='bbox 766 2168 986 2223; x_wconf 84' lang='lat' dir='ltr'>adspirate</span> <span class='ocrx_word' id='word_1_183' title='bbox 1009 2173 1199 2228; x_wconf 80' lang='lat' dir='ltr'>canenti,</span> <span class='ocrx_word' id='word_1_184' title='bbox 1417 2179 1505 2221; x_wconf 75' lang='lat'>525</span> 
     </span>
     <span class='ocr_line' id='line_1_30' title="bbox 81 2226 1256 2291; baseline 0.017 -25"><span class='ocrx_word' id='word_1_185' title='bbox 81 2226 198 2278; x_wconf 78' lang='lat' dir='ltr'>Quas</span> <span class='ocrx_word' id='word_1_186' title='bbox 220 2226 281 2269; x_wconf 87' lang='lat' dir='ltr'>ibi</span> <span class='ocrx_word' id='word_1_187' title='bbox 304 2232 411 2270; x_wconf 86' lang='lat' dir='ltr'>tunc</span> <span class='ocrx_word' id='word_1_188' title='bbox 433 2229 542 2272; x_wconf 84' lang='lat' dir='ltr'>ferro</span> <span class='ocrx_word' id='word_1_189' title='bbox 565 2238 744 2290; x_wconf 80' lang='lat' dir='ltr'>strages,</span> <span class='ocrx_word' id='word_1_190' title='bbox 769 2250 880 2291; x_wconf 74' lang='lat' dir='ltr'>quae</span> <span class='ocrx_word' id='word_1_191' title='bbox 902 2238 1056 2282; x_wconf 80' lang='lat' dir='ltr'>funera</span> <span class='ocrx_word' id='word_1_192' title='bbox 1080 2241 1256 2286; x_wconf 86' lang='lat' dir='ltr'>Turnus</span> 
     </span>
     <span class='ocr_line' id='line_1_31' title="bbox 78 2297 1231 2368; baseline 0.016 -30"><span class='ocrx_word' id='word_1_193' title='bbox 78 2297 293 2354; x_wconf 80' lang='lat' dir='ltr'>Ediderit,</span> <span class='ocrx_word' id='word_1_194' title='bbox 319 2312 450 2354; x_wconf 88' lang='lat' dir='ltr'>quem</span> <span class='ocrx_word' id='word_1_195' title='bbox 472 2302 656 2359; x_wconf 87' lang='lat' dir='ltr'>quisque</span> <span class='ocrx_word' id='word_1_196' title='bbox 678 2305 821 2348; x_wconf 76' lang='lat' dir='ltr'>virum</span> <span class='ocrx_word' id='word_1_197' title='bbox 843 2309 1065 2353; x_wconf 84' lang='lat' dir='ltr'>demiserit</span> <span class='ocrx_word' id='word_1_198' title='bbox 1092 2311 1203 2355; x_wconf 77' lang='lat' dir='ltr'>Orco</span> <span class='ocrx_word' id='word_1_199' title='bbox 1220 2328 1231 2368; x_wconf 87' lang='lat'>;</span> 
     </span>
     <span class='ocr_line' id='line_1_32' title="bbox 77 2367 1025 2427; baseline 0.015 -18"><span class='ocrx_word' id='word_1_200' title='bbox 77 2367 138 2410; x_wconf 86' lang='lat' dir='ltr'>Et</span> <span class='ocrx_word' id='word_1_201' title='bbox 160 2383 335 2411; x_wconf 88' lang='lat' dir='ltr'>meeum</span> <span class='ocrx_word' id='word_1_202' title='bbox 357 2369 556 2427; x_wconf 90' lang='lat' dir='ltr'>ingentes</span> <span class='ocrx_word' id='word_1_203' title='bbox 579 2388 671 2417; x_wconf 80' lang='lat' dir='ltr'>oras</span> <span class='ocrx_word' id='word_1_204' title='bbox 694 2377 878 2420; x_wconf 83' lang='lat' dir='ltr'>evolvite</span> <span class='ocrx_word' id='word_1_205' title='bbox 899 2379 1025 2424; x_wconf 86' lang='lat' dir='ltr'>belli:</span> 
     </span>
     <span class='ocr_line' id='line_1_33' title="bbox 80 2437 1328 2514; baseline 0.016 -34"><span class='ocrx_word' id='word_1_206' title='bbox 80 2437 160 2494; x_wconf 89' lang='lat' dir='ltr'>[Et</span> <span class='ocrx_word' id='word_1_207' title='bbox 183 2441 444 2485; x_wconf 84' lang='lat' dir='ltr'>meministis</span> <span class='ocrx_word' id='word_1_208' title='bbox 467 2443 598 2501; x_wconf 67' lang='lat' dir='ltr'>enim,</span> <span class='ocrx_word' id='word_1_209' title='bbox 622 2446 762 2503; x_wconf 76' lang='lat' dir='ltr'>divae,</span> <span class='ocrx_word' id='word_1_210' title='bbox 789 2454 832 2491; x_wconf 86' lang='lat' dir='ltr'>et</span> <span class='ocrx_word' id='word_1_211' title='bbox 853 2464 1090 2495; x_wconf 75' lang='lat' dir='ltr'>memorare</span> <span class='ocrx_word' id='word_1_212' title='bbox 1113 2456 1328 2514; x_wconf 73' lang='lat' dir='ltr'>potestis]</span> 
     </span>
     <span class='ocr_line' id='line_1_34' title="bbox 76 2509 1502 2581; baseline 0.015 -30"><span class='ocrx_word' id='word_1_213' title='bbox 76 2509 226 2553; x_wconf 86' lang='lat' dir='ltr'>Turris</span> <span class='ocrx_word' id='word_1_214' title='bbox 250 2517 342 2554; x_wconf 84' lang='lat' dir='ltr'>erat</span> <span class='ocrx_word' id='word_1_215' title='bbox 365 2519 488 2556; x_wconf 80' lang='lat' dir='ltr'>vasto</span> <span class='ocrx_word' id='word_1_216' title='bbox 512 2522 719 2572; x_wconf 80' lang='lat' dir='ltr'>suspectu</span> <span class='ocrx_word' id='word_1_217' title='bbox 743 2524 787 2560; x_wconf 90' lang='lat' dir='ltr'>et</span> <span class='ocrx_word' id='word_1_218' title='bbox 808 2521 1015 2576; x_wconf 84' lang='lat' dir='ltr'>pontibus</span> <span class='ocrx_word' id='word_1_219' title='bbox 1038 2524 1158 2581; x_wconf 80' lang='lat' dir='ltr'>altis,</span> <span class='ocrx_word' id='word_1_220' title='bbox 1415 2530 1502 2572; x_wconf 85' lang='lat'>530</span> 
     </span>
     <span class='ocr_line' id='line_1_35' title="bbox 76 2580 1263 2655; baseline 0.015 -33"><span class='ocrx_word' id='word_1_221' title='bbox 76 2580 340 2637; x_wconf 82' lang='lat' dir='ltr'>Opportuna</span> <span class='ocrx_word' id='word_1_222' title='bbox 359 2583 477 2629; x_wconf 87' lang='lat' dir='ltr'>loco:</span> <span class='ocrx_word' id='word_1_223' title='bbox 513 2587 694 2630; x_wconf 82' lang='lat' dir='ltr'>summis</span> <span class='ocrx_word' id='word_1_224' title='bbox 717 2602 850 2644; x_wconf 78' lang='lat' dir='ltr'>quam</span> <span class='ocrx_word' id='word_1_225' title='bbox 873 2591 1036 2636; x_wconf 83' lang='lat' dir='ltr'>viribus</span> <span class='ocrx_word' id='word_1_226' title='bbox 1058 2609 1206 2640; x_wconf 89' lang='lat' dir='ltr'>omnes</span> <span class='ocrx_word' id='word_1_227' title='bbox 1261 2653 1263 2655; x_wconf 73' lang='lat'>.</span> 
     </span>
    </p>
   </div>
   <div class='ocr_carea' id='block_1_3' title="bbox 26 2275 64 2294">
    <p class='ocr_par' dir='ltr' id='par_1_9' title="bbox 26 2275 64 2294">
     <span class='ocr_line' id='line_1_36' title="bbox 26 2275 64 2294; baseline 0 -7"><span class='ocrx_word' id='word_1_228' title='bbox 26 2275 64 2294; x_wconf 54' lang='grc' dir='ltr'><em>ρ</em></span> 
     </span>
    </p>
   </div>
  </div>
 </body>
</html>
