1757 2916
135 119 219 161 122
620 127 848 157 Aemines
882 127 966 157 Lm.
1003 126 1063 156 vx.

132 239 160 260 ‘⁶
180 239 370 294 Phoebe,
395 252 547 294 graves
572 237 729 294 Trojae
752 250 922 292 semper
943 235 1147 278 miserate
1171 234 1356 289 labores,

133 310 159 332 “
181 311 390 353 Dardana
412 309 487 366 qui
513 309 683 351 Paridis
704 309 866 351 direxti
890 308 978 350 tela
1001 321 1244 362 manusque

132 384 157 404 ‘⁶
177 383 349 439 Corpus
370 382 416 424 in
439 381 671 435 Aeacidae,
695 386 878 435 ‘magnas
901 378 1108 421 obeuntia
1134 384 1268 419 terras

133 455 159 475 “
179 453 266 496 Tot
288 453 428 495 maria
450 451 611 494 intravi
635 452 745 493 duce
770 456 827 504 te,
855 450 1116 505 penitusque
1142 457 1339 504 repostas

134 526 161 547 “
182 525 427 580 Massylum
449 527 602 580 gentes
626 527 944 578 praetentaque
971 520 1175 575 Syrtibus
1197 534 1299 561 arva
1317 534 1327 572 3
1515 519 1571 561 60

134 596 161 617 ‘⁶
179 596 210 639 J
215 611 288 638 am
311 594 491 637 tandem
515 593 674 635 Italiae
697 591 910 648 fugientis
933 590 1190 646 prendimus
1213 604 1306 631 oras
1328 605 1337 632 ;

134 668 162 688 “
185 668 282 709 Hac
309 665 500 722 Trojana
523 669 654 706 tenus
676 662 810 705 fuerit
832 662 1008 704 fortuna
1032 666 1183 703 secuta
1208 664 1217 704 1

137 737 164 758 ‘⁴
186 737 278 780 Vos
301 750 474 793 quoque
498 735 765 791 Pergameae
782 732 877 788 jam
899 732 966 774 fas
990 736 1057 774 est
1081 745 1259 787 parcere
1282 731 1430 786 genti,

136 808 164 829 “
191 808 337 864 Dique
359 807 558 862 deaeque
581 818 744 859 omnes,
768 803 927 860 quibus
950 801 1125 845 obstitit
1149 802 1287 844 Ilium
1309 810 1353 843 et
1377 801 1529 857 ingens

136 879 164 900 ‘⁴
183 879 334 922 Gloria
357 877 620 922 Dardaniae.
688 876 865 932 Tuque,
890 889 914 918 o
937 873 1217 918 sanctissima
1238 877 1378 929 vates,
1518 873 1574 915 65

137 950 163 971 “
183 950 388 994 Praescia
410 948 597 1004 venturi,
621 948 788 991 da-non
810 946 1008 989 indebita
1028 959 1160 1002 posco

137 1021 165 1043 ‘⁶
184 1022 339 1079 Regna
360 1020 469 1064 meis
490 1018 750 1063 fatis-Latio
773 1017 993 1060 considere
1016 1016 1208 1059 Teucros

137 1093 165 1115 “
184 1094 483 1149 Errantesque
506 1092 607 1135 deos
630 1090 889 1147 agitataque
911 1087 1095 1131 numina
1119 1087 1289 1144 Trojae.

139 1163 166 1185 ‘⁶
187 1164 306 1207 Tum
329 1163 507 1206 Phoebo
529 1166 575 1204 et
599 1159 771 1202 Triviae
796 1159 930 1202 solido
952 1159 1006 1201 de
1028 1172 1242 1201 marmore
1267 1157 1488 1214 templum

140 1236 169 1257 “
185 1234 430 1278 Instituam
453 1233 671 1287 festosque
695 1230 787 1272 dies
810 1230 864 1272 de
886 1228 1060 1272 nomine
1084 1227 1262 1272 Phoebi.
1520 1224 1579 1271 '70

141 1307 167 1327 “
190 1306 254 1349 Te
277 1319 451 1362 quoque
473 1318 635 1360 magna
658 1306 841 1344 manent
864 1300 1006 1357 regnis
1029 1299 1273 1357 penetralia
1295 1299 1454 1342 nostris
1474 1313 1483 1342 :

141 1377 169 1399 “
188 1377 275 1420 Hic
297 1391 376 1433 ego
398 1389 590 1431 namque
614 1379 716 1416 tuas
740 1378 876 1416 sortes
898 1386 1147 1428 arcanaque
1169 1371 1275 1427 fata,

142 1449 169 1471 ‘⁶
185 1449 319 1492 Dicta
340 1461 463 1490 meae
485 1446 620 1503 genti,
645 1458 819 1501 ponam,
843 1443 1063 1499 lectosque
1087 1443 1277 1498 sacrabo,

142 1519 170 1542 ‘⁶
188 1520 337 1575 Alma,
361 1518 484 1561 Viros.
550 1515 685 1559 Foliis
708 1520 889 1557 tantum
911 1528 965 1556 ne
988 1513 1184 1556 carmina
1205 1513 1384 1568 manda,

142 1591 169 1613 ‘⁶
185 1591 254 1634 Ne
276 1590 459 1634 turbata
482 1589 629 1631 volent
653 1585 815 1644 rapidis
836 1585 1026 1628 ludibria
1047 1585 1219 1640 ventis;
1525 1582 1582 1627 75

142 1664 169 1686 ‘⁶
188 1665 295 1722 Ipsa
317 1677 448 1706 canas
471 1663 582 1705 or0.”
647 1660 807 1704 Finem
828 1658 952 1702 dedit
974 1671 1044 1701 ore
1066 1657 1285 1714 loquendi.

142 1736 222 1792 At,
246 1733 415 1778 Phoebi
437 1732 633 1776 nondum
655 1731 842 1788 patiens,
866 1729 1074 1772 immanis
1096 1729 1143 1771 in
1165 1733 1292 1771 antro

145 1807 399 1850 Bacchatur
420 1810 561 1860 vates,
585 1817 800 1860 magnum
823 1802 861 1845 si
883 1807 1058 1858 pectore
1081 1800 1221 1857 possit

143 1876 405 1921 Excussisse
426 1875 585 1918 deum:
620 1879 749 1915 tanto
772 1872 913 1928 magis
934 1871 1007 1913 ille
1029 1871 1191 1927 fatigat

149 1949 213 1992 Os
236 1945 569 2002 rabidum,-fera
591 1944 719 1986 corda
741 1943 938 1997 domans,
962 1941 1180 1998 fingitque
1206 1941 1450 1997 premendo.
1529 1940 1587 1983 80

150 2017 279 2063 Ostia
296 2017 478 2074 jamque
501 2016 655 2058 domus
678 2019 860 2070 patuere
883 2012 1082 2069 ingentia
1105 2020 1285 2054 centum

150 2090 318 2146 Sponte
342 2103 434 2142 sua,
458 2086 661 2141 vatisque
683 2084 831 2127 ferunt
855 2098 1061 2140 responsa
1084 2098 1161 2140 per
1184 2097 1339 2127 auras:

150 2161 179 2182 ‘⁴
200 2161 236 2205 O
261 2160 444 2203 tandem
467 2157 639 2214 magnis
663 2156 805 2213 pelagi
828 2155 1036 2197 defuncte
1060 2155 1253 2211 periclis-

151 2232 179 2253 “
201 2232 287 2276 Sed
310 2237 448 2274 terrae
471 2228 667 2286 graviora
690 2232 907 2282 manent-,
931 2226 976 2268 in
1001 2241 1134 2283 regna
1157 2226 1314 2269 Lavini

152 2304 178 2325 ‘⁴
200 2301 482 2345 Dardanidae
507 2299 710 2342 venient:
746 2298 877 2340 mitte
900 2297 1013 2340 hanc
1037 2298 1090 2340 dc
1114 2303 1287 2354 pectore
1311 2312 1461 2340 curam
1479 2311 1489 2351 3
1527 2296 1584 2340 85

153 2374 179 2396 “
202 2374 288 2418 Sed
310 2388 397 2416 non
420 2377 464 2414 et
487 2371 653 2413 venisse
675 2370 835 2412 volent.
903 2369 1041 2425 Bella,
1065 2369 1239 2411 horrida
1260 2369 1395 2425 bella,

154 2449 180 2467 ‘⁸
203 2446 265 2488 Et
290 2443 508 2500 Thybrim
530 2442 671 2484 multo
695 2445 976 2496 spumantem
1000 2439 1211 2496 sanguine
1235 2454 1374 2483 cerno.

157 2521 183 2537 ‘⁶
204 2516 306 2559 Non
331 2514 489 2559 Simois
512 2513 595 2556 tibi
617 2526 696 2554 nec
721 2511 936 2554 Xanthus
959 2525 1039 2554 nec
1064 2510 1225 2553 Dorica
1249 2516 1395 2553 castra

156 2588 182 2609 ‘⁶
204 2586 463 2630 Defuerint:
499 2584 611 2628 alius
634 2583 764 2626 Latio
780 2582 875 2639 jam
897 2587 1055 2639 partus
1079 2581 1289 2637 Achilles,
