1757 2916
214 120 302 168 170
400 124 409 134 '
696 139 927 170 AENEmos
960 140 1046 171 LIB.
1081 140 1161 172 vn.

212 243 331 287 Tum
353 248 480 301 pater
501 245 792 303 omnipotens,
810 247 1003 304 aliquem
1020 247 1278 305 indignatus
1301 248 1357 291 ab
1375 247 1539 291 umbris
1557 244 1646 293 '770

211 314 443 358 Mortalem
466 316 646 360 infernis
667 319 724 360 ad
745 318 915 360 lumina
938 333 1110 375 surgere
1134 319 1266 374 vitae,

211 386 312 442 Ipse
337 393 596 443 repertorem
618 388 858 431 medicinae
880 389 985 431 talis
1008 395 1053 431 et
1075 389 1182 431 artis

212 458 415 501 Fuhninc
440 460 766 515 Phoebigenam
792 459 966 516 Stygias
989 461 1179 503 detrusit
1202 462 1257 503 ad
1280 461 1432 505 undas,

211 529 275 571 At
300 530 450 572 Trivia
473 530 773 586 Hippolytum
797 530 973 573 secretis
995 531 1113 573 alma
1136 532 1333 574 recondit

213 601 412 655 Sedibus,
438 607 482 642 et
504 601 726 657 nymphae
750 601 934 658 Egeriae
957 601 1207 657 nemorique
1232 603 1410 658 relegat,

213 670 338 713 Solus
362 671 437 713 ubi
460 671 506 713 in
530 672 647 714 silvis
671 672 799 714 Italis
821 672 1023 729 ignobilis
1046 687 1201 714 aevum

210 742 431 798 Exigeret,
456 757 663 798 versoque
685 743 761 786 ubi
783 743 957 785 nomine
981 742 1161 785 Virbius
1184 748 1313 786 esset.

211 812 341 856 Unde
364 814 501 856 etiam
523 815 690 871 templo
714 814 886 862 Triviae
907 814 1107 870 lucisque
1131 813 1315 857 sacratis

211 883 474 942 Cornipedes
497 891 702 929 arcentur
726 886 840 942 equi,
865 887 983 942 quod
1003 886 1128 929 litore
1151 900 1330 928 currum

209 955 271 998 Et
287 955 497 1012 juvenem
519 957 725 1000 monstris
747 958 896 1015 pavidi
917 957 1107 1001 effudere
1130 957 1323 1001 marinis.

209 1027 351 1070 Filius
374 1028 576 1070 ardentes
597 1028 718 1071 haud
741 1028 880 1071 secius
902 1043 1086 1084 aequore
1109 1028 1255 1084 campi

209 1097 455 1140 Exercebat
474 1112 620 1154 equos,
646 1113 863 1154 curruque
884 1099 930 1141 in
951 1099 1066 1141 bella
1087 1099 1253 1142 ruebat.

300 1169 401 1224 Ipse
424 1169 538 1211 inter
561 1169 723 1226 primos
745 1169 988 1226 praestanti
1011 1184 1185 1225 corpore
1209 1169 1387 1211 Turnus

212 1238 415 1282 Vertitur
436 1254 556 1282 arma
579 1246 747 1296 tenens,
773 1246 817 1283 et
840 1246 934 1283 toto
958 1241 1117 1283 vertice
1141 1255 1271 1297 supra
1294 1245 1385 1284 est:

212 1309 297 1353 Cui
319 1310 482 1367 triplici
505 1311 662 1354 crinita
679 1310 789 1367 juba
811 1312 934 1368 galea
956 1312 1050 1354 alta
1074 1311 1355 1355 Chimaeram

213 1380 426 1436 Sustinet,
451 1380 671 1424 Aetnaeos
695 1380 919 1424 efflantem
940 1381 1143 1424 faucibus
1165 1381 1325 1438 ignes-2

212 1451 326 1493 Tam
348 1451 488 1508 magis
510 1451 585 1493 illa
607 1451 798 1494 fremens
820 1457 863 1494 et
887 1452 1088 1494 tristibus
1111 1451 1239 1493 effera
1261 1449 1467 1505 flammis,

211 1521 355 1575 Quam
377 1521 519 1578 magis
541 1520 678 1565 effuso
702 1523 965 1565 crudescunt
990 1521 1205 1579 sanguine
1227 1534 1446 1578 pugnae-;

209 1594 275 1635 At
296 1594 437 1636 levem
459 1594 652 1650 elipeum
675 1594 861 1637 sublatis
883 1593 1086 1637 cornibus
1109 1594 1158 1636 Io

208 1664 330 1708 Auro
351 1665 605 1722 insignibat,
625 1665 720 1722 jam
744 1666 846 1709 setis
868 1666 1024 1722 obsita,
1043 1665 1139 1722 jam
1159 1666 1252 1721 bos,

208 1736 538 1793 Argumentum
561 1736 730 1794 ingens,
755 1743 799 1780 et
824 1743 970 1780 custos
992 1737 1171 1793 virginis
1195 1736 1356 1792 Argus,

209 1807 479 1862 Caelataque
501 1822 680 1849 amnem
699 1807 886 1850 fundens
909 1813 1038 1864 pater
1060 1807 1252 1850 Inachus
1274 1819 1397 1848 urna.

167 1917 172 1924 ,
208 1877 464 1932 Insequitur
488 1877 664 1919 nimbus
686 1877 901 1933 peditum,
927 1878 1202 1932 clipeataque
1226 1875 1330 1918 totis

214 1948 402 2005 Agmina
425 1948 664 1990 densentur
686 1948 865 2004 eampis,
890 1948 1143 2005 Argivaque
1167 1946 1306 2003 pubes

208 2020 532 2075 Auruncaeque
554 2033 724 2074 manus,
750 2019 922 2075 Rutuli,
948 2025 1200 2075 veteresque
1225 2016 1386 2072 Sicani,

208 2091 269 2133 Et
297 2090 514 2134 Sacranae
538 2088 665 2144 acies,
690 2094 735 2131 ct
759 2089 868 2146 picti
891 2094 1015 2132 scuta
1037 2088 1219 2131 Labici:

209 2161 295 2214 Qui
317 2161 470 2216 saltus,
497 2160 714 2216 Tiberine,
740 2165 840 2203 tuos
864 2174 1122 2216 sacrumque
1145 2159 1326 2202 Numici

208 2233 337 2276 Litus
359 2238 500 2289 arant,
528 2233 803 2289 Rutulosque
826 2237 1027 2275 exercent
1051 2245 1223 2275 vomere
1246 2230 1376 2273 eolles

210 2305 527 2361 Circaeumque
545 2304 703 2361 jugum
720 2318 731 2359 ;
765 2308 861 2360 quis
884 2304 1066 2361 Jupiter
1088 2303 1303 2346 Anxurus
1326 2299 1440 2343 arvis

210 2375 435 2419 Praesidet
457 2380 502 2418 et
526 2375 653 2418 viridi
674 2376 870 2432 gaudens
893 2373 1079 2418 Feronia
1102 2374 1202 2417 luco
1223 2388 1234 2427 ;

210 2446 306 2500 Qua
331 2447 515 2490 Saturae
533 2446 651 2503 jacet
674 2451 769 2488 atra
792 2447 936 2502 palus,
960 2446 1217 2503 gelidusque
1241 2457 1317 2500 per
1338 2442 1448 2484 imas

210 2517 391 2572 Quaerit
413 2518 496 2560 iter
518 2517 654 2560 valles
676 2523 810 2572 atquc
834 2517 878 2559 in
901 2531 1018 2559 mare
1042 2512 1426 2559 conditur'UfcnS.

299 2588 392 2632 Hos
414 2604 545 2646 super
566 2589 747 2632 advenit
773 2588 933 2630 Volsca
955 2589 1008 2630 de
1030 2592 1159 2643 gente
1185 2583 1388 2639 Camilla,

1555 600 1644 646 775

1554 955 1645 1002 780

1555 1308 1644 1354 785

1553 1660 1643 1707 ’790

1551 2014 1640 2064 795

1551 2368 1640 2412 800
