1731 2923
607 150 837 180 AENEIDOS
871 151 958 182 LIB.
994 152 1040 182 ΙΙ.

110 260 358 318 Effugiunt‚
378 274 616 316 saevaeque
638 264 802 316 petunt
826 258 1066 302 Tritonidis
1088 273 1244 315 arcem,

110 331 202 375 Sub
223 331 494 388 pedibusque
517 331 623 373 deae
646 330 861 386 clipeique
885 330 965 373 sub
989 330 1087 372 orbe
1111 334 1335 387 teguntur.

111 402 232 444 Tum
255 416 352 444 vero
375 401 631 444 tremefacta
653 415 790 443 novus
812 415 890 457 per
911 405 1089 457 pectora
1112 400 1285 443 cunctis

109 474 313 517 Insinuat
337 489 471 530 pavor
484 487 496 529 3
531 479 575 516 et
598 473 738 516 scelus
761 473 1019 530 expendisse
1042 479 1286 515 merentem

109 547 357 589 Laocoonta
378 545 542 602 ferunt,
567 560 738 588 sacrum
761 545 837 602 qui
859 545 1039 602 cuspide
1061 545 1194 588 robur

108 616 310 660 Laeserit
333 623 377 660 et
401 622 522 674 tergo
545 617 802 660 sceleratam
824 615 1045 658 intorserit
1067 616 1256 658 hastam.

113 688 381 731 Ducendum
403 689 459 731 ad
482 689 602 731 sedes
625 688 925 743 simulacrum,
950 687 1201 743 orandaque
1225 686 1350 729 divae

109 759 308 802 Numina
330 760 624 804 conclamant.

111 831 364 873 Dividimus
387 845 533 874 muros
555 836 600 873 et
622 830 795 874 moenia
817 831 1052 887 pandimus
1074 830 1205 873 urbis.

112 901 367 958 Accingunt
393 917 540 944 omnes
563 901 694 958 operi,
719 901 992 958 pedibusque
1015 907 1212 945 rotarum

113 972 362 1028 Subjiciunt
384 973 548 1028 lapsus,
575 978 618 1014 et
642 977 832 1028 stuppea
854 971 1031 1013 vincula
1053 972 1162 1013 collo

108 1042 367 1086 Intendunt.
434 1042 615 1086 Scandit
636 1042 787 1085 fatalis
809 1041 1016 1084 machina
1039 1056 1200 1096 muros,

109 1113 223 1156 Feta
246 1113 379 1156 armis
395 1128 406 1168 3
443 1113 568 1170 pueri
591 1113 754 1156 circum
776 1113 1078 1170 innuptaeque
1100 1112 1273 1169 puellae

110 1184 242 1228 Sacra
264 1190 448 1240 canunt,
471 1185 712 1240 funemque
734 1199 871 1227 manu
892 1185 1147 1242 contingere
1170 1184 1365 1240 gaudent
1382 1197 1393 1238 ;

109 1255 194 1298 Illa
218 1256 353 1312 subit,
376 1256 630 1313 mediaeque
653 1256 826 1299 minans
849 1255 1048 1298 illabitur
1070 1255 1179 1298 urbi.

111 1325 148 1369 O
174 1327 333 1383 patria,
358 1341 382 1370 0
404 1327 558 1370 divum
579 1327 734 1370 domus
757 1326 908 1383 Ilium,
933 1330 977 1369 et
1001 1326 1168 1382 inclyta
1190 1325 1305 1368 bello

109 1397 283 1440 Moenia
308 1397 613 1447 Dardanidum
631 1401 640 1442 l
678 1403 834 1454 quater
855 1398 949 1454 ipso
971 1397 1017 1440 in
1039 1397 1191 1439 limine
1213 1402 1365 1454 portae

111 1469 339 1526 Substitit,
363 1475 500 1526 atque
522 1476 646 1512 utero
668 1469 863 1513 sonitum
885 1475 1043 1526 quater
1065 1484 1186 1511 arma
1209 1469 1364 1511 dedere
1382 1482 1392 1522 ;

109 1539 335 1583 Instamus
358 1546 508 1584 tamen
530 1541 805 1583 immemores
829 1541 1033 1596 caecique
1055 1541 1211 1595 furore,

109 1611 172 1653 Et
194 1618 444 1655 monstrum
465 1611 617 1654 infelix
640 1618 810 1654 sacrata
833 1612 1028 1654 sistimus
1050 1625 1159 1653 arce.

110 1682 237 1726 Tunc
261 1683 395 1725 etiam
417 1683 521 1725 fatis
544 1682 685 1739 aperit
710 1682 954 1725 Cassandra
976 1680 1138 1724 futuris

113 1753 215 1809 Ora,
239 1753 308 1796 dei
324 1753 453 1809 jussu
476 1768 562 1796 non
585 1767 799 1809 umquam
822 1753 990 1795 eredita
1014 1752 1206 1795 Teucris.

115 1824 207 1867 Nos
230 1825 411 1867 delubra
434 1825 567 1867 desim
588 1824 746 1880 miseri,
772 1824 934 1880 quibus
957 1823 1145 1865 ultimus
1171 1828 1283 1865 esset

112 1897 194 1939 Ille
216 1897 322 1952 dies,
345 1896 458 1939 festa
480 1896 676 1939 velamus
696 1895 847 1939 fronde
871 1910 948 1951 per
969 1882 1133 1937 urbem.

200 1968 405 2010 Vertitur
428 1968 593 2010 interea
616 1967 800 2023 coelum,
827 1971 872 2009 et
895 1966 985 2008 ruit
1008 1980 1166 2008 oceano
1189 1979 1289 2020 nox,

110 2039 343 2096 Involvens
366 2039 523 2082 umbra
545 2053 708 2095 magna
731 2044 980 2094 terramque
1003 2037 1244 2094 polumque

111 2109 527 2166 Myrmidonumque
550 2110 697 2164 dolos3
731 2109 819 2152 fusi
841 2124 918 2165 per
939 2108 1111 2151 moenia
1134 2106 1293 2150 Teucri

111 2182 398 2226 Conticuere:
435 2196 562 2237 sopor
582 2181 715 2223 fessos
737 2179 1048 2236 complectitur
1070 2183 1207 2221 artus.

112 2254 171 2295 Et
188 2253 285 2309 jam
306 2252 473 2309 Argiva
496 2252 690 2308 phalanx
710 2250 941 2293 instructis
962 2250 1148 2292 navibus
1170 2248 1264 2290 ibat

115 2325 153 2366 A
177 2324 367 2378 Tenedo,
392 2319 558 2366 tacitae
579 2336 657 2378 per
678 2320 821 2363 amica
843 2320 1018 2363 silentia
1039 2320 1171 2361 lunae
1256 2368 1265 2386 x

113 2394 265 2437 Litora
286 2399 392 2436 nota
413 2399 582 2450 petens,
604 2392 806 2434 flammas
830 2405 968 2446 quum
990 2389 1106 2446 regia
1126 2388 1288 2445 puppis

113 2464 365 2521 Extulerat,
388 2464 580 2519 fatisque
603 2464 737 2506 deum
759 2461 961 2504 defensus
983 2460 1146 2517 iniquis

113 2536 311 2578 Inclusos
338 2541 456 2578 utero
481 2534 657 2577 Danaos
680 2538 724 2576 et
746 2533 875 2590 pinea
895 2531 1053 2574 furtim

113 2606 258 2649 Laxat
280 2607 472 2649 claustra
497 2606 641 2650 Sinon.
707 2604 810 2648 Illos
833 2603 1081 2660 patefactus
1103 2602 1159 2645 ad
1181 2616 1308 2644 auras

409 2673 456 2701 0}

1489 140 1547 182 33

1458 545 1546 586 230

1457 900 1546 944 235

1457 1254 1546 1297 240

1457 1609 1515 1651 ἐξ

1519 1612 1544 1653 01

1456 1963 1546 2008 250

1455 2317 1544 2360 255
