1778 2937
173 117 231 159 32
674 129 907 160 Armssmos
939 130 1025 160 Lm.
1062 129 1108 160 11.

174 236 202 258 ‘⁶
221 237 297 281 Sin
322 236 527 280 manibus
544 237 699 280 vestris
721 242 914 280 vestram
936 237 1235 280 adscendisset
1256 236 1303 279 in
1326 236 1480 279 urbem
1501 248 1514 290 3

173 306 201 328 “
220 307 351 351 Ultro
373 307 529 351 Asiam
551 322 712 365 magno
735 308 925 363 Pelopea
946 308 1003 350 ad
1025 304 1196 350 moenia
1218 307 1333 350 bello

173 378 200 399 “
221 378 484 434 Venturam,
509 384 554 421 et
576 384 743 422 nostros
766 393 816 421 ca
837 379 932 421 sata
952 393 1125 421 manere
1149 379 1374 435 nepotes.'’

172 450 356 493 Talibus
377 449 546 493 insidiis
569 449 817 506 perjurique
840 455 933 492 arte
960 449 1132 492 Sinonis

173 521 353 565 Credita
376 536 454 577 res,
479 520 685 577 captique
708 521 816 563 dolis
838 520 1117 576 lacrimisque
1139 519 1316 575 coactis,

173 592 290 645 Quos
314 607 456 648 neque
480 592 686 648 Tydides,
710 606 789 634 nec
811 591 1066 633 Larissaeus
1089 590 1302 645 Achilles,

171 662 273 705 Non
295 663 401 705 anni
422 663 627 705 domuere
649 662 816 717 decem,
842 676 930 703 non
951 660 1072 703 mille
1096 661 1281 703 carinae.

261 734 348 776 Hic
371 734 493 776 aliud
515 732 658 788 majus
681 732 850 774 miseris
871 731 1102 787 multoque
1126 731 1404 773 tremcndum

171 804 389 861 Objicitur
410 803 562 861 magis,
588 809 723 859 atque
745 802 993 859 improvida
1015 807 1191 859 pectora
1214 802 1380 846 turbat.

171 874 383 930 Laocoon,
406 875 569 917 ductus
590 873 804 930 Neptuno
826 878 942 916 sorte
967 873 1178 928 sacerdos,

172 946 393 989 Solemnes
415 950 595 988 taurum
616 944 843 1002 ingentem
865 945 1092 987 mactabat
1115 945 1172 987 ad
1193 958 1301 988 aras

169 1015 286 1058 Ecce
303 1021 455 1058 autem
476 1015 641 1072 gemini
663 1030 689 1057 a
713 1015 891 1058 Tenedo
913 1015 1157 1071 tranquilla
1179 1029 1257 1071 per
1278 1014 1393 1057 alta-

170 1085 384 1129 Horresco
406 1085 851 1141 reserens-immensis
868 1085 1043 1128 orbibus
1066 1099 1230 1142 angues

169 1156 444 1199 Incumbunt
465 1156 634 1213 pelago,
658 1155 915 1213 pariterque
932 1156 988 1198 ad
1010 1156 1138 1198 litora
1161 1157 1377 1201 tendunt:

169 1227 355 1270 Pectora
377 1241 562 1283 quorum
584 1227 699 1270 inter
718 1227 883 1269 fluctus
905 1231 1074 1269 arrecta
1090 1226 1312 1283 jubasque

171 1298 445 1355 Sanguineae
469 1303 677 1355 superant
699 1298 854 1354 undas,
881 1312 982 1354 pars
1005 1303 1147 1340 cetera
1168 1304 1357 1355 pontum

169 1368 289 1411 Pone
310 1368 418 1426 legit
442 1368 678 1425 sinuatque
700 1368 915 1411 immensa
937 1369 1157 1411 volumine
1182 1374 1318 1426 terga.

169 1440 246 1483 Fit
271 1441 440 1483 sonitus
463 1445 701 1497 spumante
724 1440 824 1483 salo.
888 1439 1084 1496 Jamque
1106 1455 1210 1482 arva
1233 1441 1461 1497 tenebant,

170 1512 475 1567 Ardentesque
498 1512 644 1554 oculos
667 1511 841 1554 suffecti
865 1511 1075 1568 sanguine
1098 1517 1142 1554 et
1164 1511 1270 1567 igni,

171 1582 307 1625 Sibila
329 1582 586 1624 lambebant
607 1582 769 1638 linguis
792 1582 1068 1625 vibrantibus
1092 1597 1177 1626 ora.

169 1652 440 1709 Diffugimus
462 1652 560 1695 visu
582 1667 836 1710 exsangues.
902 1653 976 1696 Illi
998 1654 1171 1711 agmine
1195 1660 1312 1697 certo

168 1723 417 1767 Laocoonta
439 1729 615 1781 petunt,
641 1730 686 1767 et
709 1724 902 1781 primum
925 1740 1061 1782 parva
1082 1726 1269 1768 duorum

169 1793 360 1851 Corpora
382 1800 589 1837 natorum
612 1809 787 1852 serpens
810 1797 1040 1852 amplexus
1064 1801 1248 1852 uterquc

168 1865 392 1922 Implicat,
412 1869 457 1907 et
480 1865 656 1907 miseros
678 1880 823 1908 morsu
846 1866 1098 1922 depascitur
1120 1872 1241 1909 artus
1259 1882 1268 1921 ;

169 1937 277 1978 Post
301 1936 448 1992 ipsum
471 1935 634 1978 auxilio
657 1936 920 1979 subeuntem
943 1952 991 1979 ac
1015 1937 1103 1979 tela
1124 1937 1339 1981 forontem

170 2007 436 2064 Corripiunt,
461 2006 673 2063 spirisque
695 2007 838 2063 ligant
859 2007 1126 2065 ingentibus,
1147 2014 1190 2051 et
1208 2009 1301 2065 jani

171 2078 246 2121 Bis
268 2077 467 2119 medium
489 2076 697 2133 amplexi,
721 2077 789 2120 bis
812 2078 919 2120 collo
943 2092 1151 2134 squamea
1173 2079 1340 2123 circuni

169 2148 311 2205 Terga
333 2148 440 2204 dati,
465 2152 673 2204 superant
698 2148 841 2204 capite
865 2153 909 2191 et
931 2149 1170 2193 cervicibus
1192 2150 1307 2195 altis.

169 2220 250 2263 Ille
273 2219 405 2263 simul
426 2219 630 2262 manibus
653 2219 798 2262 tendit
820 2219 1021 2263 divellere
1044 2222 1190 2277 nodos,

169 2290 374 2333 Perfusus
397 2290 517 2333 sanie
538 2290 675 2333 vittas
697 2294 881 2346 atroque
903 2304 1084 2347 veneno,

171 2360 393 2403 Clamores
415 2360 548 2403 simul
569 2360 802 2404 horrendos
824 2361 880 2404 ad
903 2361 1044 2404 sidera
1067 2363 1183 2405 tollit
1201 2377 1212 2407 ε

170 2430 330 2484 Quales
353 2430 566 2488 mugitus,
590 2431 708 2487 fugit
731 2445 869 2487 quum
892 2432 1064 2474 saucius
1087 2448 1209 2476 aram

170 2502 345 2545 Taurus
369 2508 413 2545 ct
430 2502 643 2545 incertam
665 2502 857 2544 excussit
881 2504 1042 2545 cervice
1066 2504 1264 2548 securim.

173 2572 234 2615 At
256 2572 418 2630 gemini
439 2572 566 2630 lapsu
588 2573 767 2616 delubra
789 2573 844 2616 ad
868 2588 1042 2616 summa
1065 2574 1271 2628 draqmes

1520 448 1605 492 195

1516 802 1606 845 200

1515 1157 1604 1201 205

1516 1514 1604 1556 210

1515 1869 1603 1914 215

1512 2225 1602 2267 220

1509 2579 1598 2624 225
