1741 2902
581 147 809 178 AENEIDos
842 147 928 178 Lm.
965 147 1027 178 XI.
1443 135 1532 179 269

102 259 130 281 “
148 259 213 302 At
237 274 324 301 non
346 258 392 300 in
415 257 629 299 Venerem
653 270 805 312 segnes
826 259 1127 309 nocturnaque
1148 253 1278 309 bella,

101 331 128 352 “
148 331 259 383 Aut,
284 329 361 372 ubi
383 343 514 371 curva
538 327 687 370 choros
709 326 871 369 indixit
894 325 1005 368 tibia
1030 324 1207 379 Bacchi,

101 402 127 422 “
145 402 415 457 Exspectare
438 400 570 455 dapes
594 404 638 440 et
660 399 813 454 plenae
837 397 992 453 pocula
1011 410 1215 438 mensae-

101 472 129 493 “
148 472 233 514 Hic
259 485 391 524 amor,
410 470 489 512 hoc
514 469 763 519 studium·5
786 469 893 510 dum
912 481 1032 510 sacra
1055 467 1270 509 secundus
1292 466 1510 522 haruspex

100 542 127 563 “
146 542 352 595 Nuntiet,
377 556 426 583 ac
449 540 569 583 lucos
591 545 712 581 vocet
734 538 876 581 hostia
900 537 1074 594 pinguis
1097 537 1143 579 in
1164 537 1317 579 altos.''
1441 534 1529 580 740

98 613 221 655 Haec
246 612 418 666 effatus,
443 625 605 666 equum
628 610 673 652 in
695 609 874 663 medios,
900 608 1136 651 moriturus
1157 613 1203 649 et
1226 607 1333 663 ipse,

99 682 320 737 Concitat,
345 687 388 724 et
412 681 586 724 Venulo
608 681 838 723 adversum
862 695 904 722 se
929 679 1132 722 turbidus
1156 678 1296 733 offert,

99 753 433 809 Dereptumque
455 752 510 794 ab
533 765 644 807 equo
666 751 822 793 dextra
846 750 1155 806 complectitur
1176 749 1360 803 hostem,

98 823 160 864 Et
183 822 398 877 gremium
421 825 522 863 ante
546 835 676 862 suum
697 820 841 862 multa
862 820 906 861 vi
927 820 1124 862 concitus
1147 819 1302 862 aufert.

100 894 292 936 Tollitur
313 893 358 935 in
382 893 551 935 coelum
574 893 746 946 clamor,
773 891 1010 946 cunctique
1033 890 1185 932 Latini
1439 887 1529 934 745

101 966 358 1008 Convertere
381 964 536 1007 oculos.
604 962 739 1005 Volat
761 962 913 1018 igneus
937 976 1119 1017 aequore
1144 961 1360 1015 Tarchon,

98 1035 236 1078 Arma
258 1034 486 1089 virumque
508 1033 665 1088 serens,
688 1037 789 1074 tum
811 1047 983 1075 summa
1004 1031 1140 1087 ipsius
1163 1031 1218 1072 ab
1240 1031 1372 1072 hasta

100 1104 320 1162 Defringit
341 1104 515 1158 ferrum,
540 1108 583 1145 et
607 1108 753 1159 partes
776 1103 962 1144 rimatur
983 1106 1173 1157 apertas,

100 1176 198 1229 Qua
218 1176 378 1217 vulnus
400 1174 528 1216 letale
550 1173 658 1215 ferat
676 1187 686 1227 ;
721 1178 873 1215 contra
893 1173 966 1214 ille
989 1186 1236 1228 repugnans

104 1246 302 1290 Sustinet
324 1260 349 1287 a
366 1245 522 1301 jugulo
545 1245 764 1299 dextram,
789 1243 946 1285 et‘vim
971 1243 1134 1285 viribus
1156 1242 1262 1286 exit.
1437 1240 1526 1286 '750

96 1317 251 1373 thue
273 1316 423 1359 volans
445 1316 534 1358 alte
557 1320 735 1372 raptum
757 1329 893 1370 quum
915 1304 1035 1356 fulva
1057 1315 1288 1356 draconem

97 1388 203 1430 Fert
227 1388 393 1444 aquila,
416 1387 724 1443 implicuitque
747 1387 889 1442 pedes,
914 1391 1048 1441 atque
1073 1385 1295 1442 unguibus
1317 1385 1457 1427 haesit
1476 1399 1487 1439 3

98 1458 282 1501 Saucius
304 1464 351 1500 at
374 1472 548 1513 serpens
571 1457 745 1499 sinuosa
769 1457 990 1499 volumina
1015 1463 1172 1513 versat,

96 1528 378 1583 Arrectisque
400 1527 545 1569 horret
569 1527 778 1582 squamis,
804 1532 847 1568 et
873 1526 1021 1568 sibilat
1045 1541 1130 1581 ore,

96 1598 276 1641 Arduus
297 1598 526 1654 insurgens
548 1611 558 1651 3
592 1598 669 1639 illa
689 1597 810 1639 haud
832 1597 976 1639 minus
999 1602 1157 1652 urguet
1179 1597 1347 1638 obunco
1439 1593 1527 1640 755

102 1668 373 1711 Luctantem
396 1673 548 1723 rostro,
574 1668 705 1710 simul
727 1667 906 1709 aethera
928 1667 1126 1709 verberat
1148 1666 1226 1708 alis
1246 1681 1255 1710 z

97 1739 232 1782 Haud
255 1739 383 1781 aliter
403 1739 613 1795 praedam
637 1738 878 1780 Tiburtum
900 1752 954 1779 ex
976 1737 1149 1794 agmine
1174 1736 1376 1779 Tarchon

101 1811 257 1853 Portat
279 1824 423 1853 ovans.
483 1808 626 1851 'Ducis
650 1808 902 1864 exemplum
924 1813 1218 1863 eventumque
1242 1807 1382 1849 secuti

97 1880 351 1923 Maeonidae
373 1880 613 1923 incurrunt.
679 1879 798 1921 Tum
818 1878 921 1921 fatis
942 1879 1116 1921 debitus
1138 1877 1309 1920 Arruns

99 1952 305 1995 Velocem
322 1951 468 2008 jaculo
490 1956 534 1993 et
555 1951 700 1993 multa
722 1950 838 2006 prior
859 1954 961 1992 arte³
977 1949 1210 1992 Camillam
1439 1945 1528 1991 '760

100 2023 283 2078 Circuit,
308 2028 366 2078 et,
390 2037 504 2079 quae
527 2022 584 2065 sit
605 2023 781 2064 fortuna
803 2021 1026 2076 facillima,
1051 2025 1209 2063 tentat.

98 2094 194 2147 Qua
217 2108 260 2136 se
283 2107 471 2149 cumque
492 2092 640 2135 furens
662 2092 805 2135 medio
826 2092 935 2134 tulit
958 2091 1130 2148 agmine
1151 2091 1285 2147 virgo,

102 2163 198 2205 Hac
221 2163 392 2205 Arruns
414 2163 532 2204 subit
556 2167 600 2204 et
621 2161 790 2204 tacitus
813 2161 1000 2217 vestigia
1021 2161 1183 2203 lustrat
1203 2174 1214 2214 ;

98 2234 199 2287 Qua
220 2233 381 2275 victrix
401 2232 516 2274 redit
537 2232 614 2274 illa
636 2232 880 2287 pedemque
902 2245 956 2273 ex
977 2231 1103 2273 hoste
1126 2235 1334 2286 reportat,

98 2305 198 2347 Hac
218 2303 392 2360 juvenis
413 2303 571 2345 furtim
594 2303 751 2345 celeres
773 2303 1003 2357 detorquet
1024 2302 1227 2343 habenas.
1440 2297 1468 2343 7
1473 2300 1527 2343 65

98 2375 191 2418 Hos
215 2375 378 2424 aditus,
398 2374 579 2431 jamque
601 2374 679 2416 hos
702 2373 850 2415 aditus
873 2386 1132 2427 omnemque
1154 2376 1349 2427 pererrat

99 2445 312 2502 Undique
335 2445 580 2500 circuitum,
605 2449 648 2487 et
671 2449 837 2486 certam
859 2443 1006 2499 quatit
1028 2443 1250 2498 improbus
1272 2441 1459 2484 hastam.

98 2516 234 2559 Forte
257 2531 376 2559 sacer
399 2516 587 2572 Cybelae
611 2515 832 2570 Chloreus,
856 2515 1046 2570 olimque
1071 2513 1280 2568 sacerdos,

98 2587 290 2645 Insignis
310 2587 438 2644 longe
461 2587 664 2644 Phrygiis
684 2586 884 2643 fulgebat
904 2585 951 2628 in
973 2585 1119 2641 armis,
