1757 2916
183 141 269 185 192
651 146 884 183 AENEIDOS
917 151 1002 182 Lm.
1038 151 1136 181 vin.

181 261 245 304 Et
268 260 483 305 scelerum
505 275 683 318 poenas,
707 266 753 304 et
775 265 834 316 te,
861 259 1071 315 Catilina,
1096 257 1259 301 minaci

182 332 457 376 Pendentem
479 332 657 390 scopulo
680 331 1004 386 Furiarumque
1027 345 1100 373 ora
1123 333 1417 372 trementem:

184 404 468 460 Secretosque
493 403 586 459 pios
607 417 617 456 ;
651 402 720 444 his
744 402 924 444 dantem
942 400 1042 456 jura
1065 400 1292 444 Catonem.
1533 396 1620 442 670

186 473 306 517 Haec
331 474 447 516 inter
469 472 632 515 tumidi
655 472 744 513 late
768 471 898 513 maris
921 471 1016 513 ibat
1038 471 1182 527 imago

184 546 329 588 Aurea
346 558 357 598 3
392 544 466 585 sed
489 543 630 585 fluctu
653 541 921 597 spumabant
944 541 1116 583 caerula
1139 555 1261 596 cane,

183 616 245 659 Et
269 617 434 659 circum
457 618 637 670 argento
661 613 766 655 clari
789 612 1017 669 delphines
1039 613 1085 654 in
1108 613 1255 654 orbem

182 688 389 742 Aequora
412 685 641 728 verrebant
665 684 830 740 caudis,
855 689 1115 739 aestumque
1139 684 1360 726 secabant.

185 758 240 800 In
262 757 404 799 medio
427 757 584 799 classes
607 760 794 811 aeratas,
817 755 953 798 Actia
974 755 1104 810 bella,
1535 752 1621 796 675

185 829 369 871 Cernere
393 832 486 869 erat
505 841 516 882 3
550 832 785 883 totumque
807 826 1024 869 instructo
1048 826 1191 869 Marte
1213 826 1380 869 videres

184 899 370 942 Fervere
393 899 635 953 Leucaten,
660 911 854 953 auroque
876 896 1083 954 effulgere
1104 896 1282 940 fluctus.

183 971 302 1014 Hinc
325 970 560 1028 Augustus
581 984 714 1026 agens
736 969 875 1012 Italos
898 969 944 1011 in
966 969 1129 1025 proelia
1152 968 1312 1012 Caesar

184 1043 300 1087 Cum
323 1042 533 1084 Patribus
556 1041 827 1097 Populoque,
852 1040 1097 1082 Penatibus
1120 1044 1164 1082 et
1187 1038 1358 1096 magnis
1383 1038 1478 1094 Dis,

186 1114 319 1158 Stans
342 1113 457 1156 celsa
477 1113 525 1154 in
547 1111 688 1170 puppi
707 1126 716 1155 :
752 1111 947 1168 geminas
971 1111 1042 1153 cui
1065 1116 1263 1167 tempora
1285 1109 1490 1152 flammas
1534 1109 1623 1152 680

184 1185 324 1228 Laeta
345 1189 544 1239 vomunt,
568 1182 851 1239 patriumque
874 1182 1069 1239 aperitur
1090 1181 1251 1224 vertice
1275 1181 1395 1224 sidus
1417 1195 1426 1235 3

185 1256 318 1298 Parte
341 1256 427 1298 alia
449 1253 592 1297 ventis
614 1259 659 1296 et
681 1254 746 1296 dis
770 1253 971 1310 Agrippa
993 1253 1195 1296 secundis

186 1327 365 1369 Arduus
388 1340 546 1382 agmen
567 1339 725 1380 agens:
761 1324 844 1379 cui,
870 1324 971 1366 belli
992 1324 1161 1381 insigne
1186 1323 1438 1380 superbum,

187 1400 405 1455 Tempora
426 1397 573 1440 navali
596 1396 768 1452 fulgent
791 1401 979 1438 rostrata
1001 1410 1166 1438 corona.

186 1470 304 1511 Hinc
327 1483 407 1524 ope
429 1467 655 1510 barbarica
677 1465 893 1521 variisque
917 1465 1139 1507 Antonius
1161 1465 1308 1520 armis,
1534 1463 1621 1506 685

186 1540 340 1583 Victor
362 1540 417 1581 ab
440 1538 636 1583 Aurorae
659 1537 831 1594 populis
855 1542 899 1579 et
920 1536 1047 1579 litore
1070 1536 1213 1591 rubro,

186 1612 447 1668 Aegyptum
469 1609 666 1665 viresque
690 1607 882 1652 Orientis
905 1612 950 1650 et
973 1607 1135 1650 ultima
1157 1621 1307 1650 secum

187 1683 351 1726 Bactra
372 1681 494 1724 vehit
512 1695 523 1736 3
558 1679 990 1737 sequiturque-nefas
1007 1683 1016 1723 1
1034 1705 1053 1711 —
1067 1678 1293 1736 Aegyptia
1315 1677 1491 1735 conjux,

187 1754 293 1797 Una
315 1767 465 1796 omnes
488 1766 625 1808 ruere,
649 1766 699 1794 ac
722 1756 872 1794 totum
895 1765 1095 1808 spumare
1116 1750 1307 1794 reductis

188 1825 461 1869 Convulsum
483 1823 615 1866 remis
637 1823 872 1878 rostrisque
895 1822 1160 1864 tridentibus
1177 1814 1347 1877 aequor.
1533 1821 1622 1865 690

187 1896 296 1939 Alta
319 1900 480 1951 petunt
501 1908 510 1937 :
546 1894 701 1949 pelago
724 1894 872 1935 credas
894 1893 1044 1934 innare
1067 1892 1259 1934 revulsas

189 1967 416 2023 Cycladas,
442 1969 521 2007 aut
543 1969 712 2006 montes
735 1977 986 2006 concurrere
1010 1963 1235 2006 montibus
1258 1963 1371 2006 altos
1391 1977 1401 2007 ε

189 2037 338 2080 Tanta
359 2035 472 2077 mole
494 2034 574 2076 viri
597 2033 767 2085 turritis
789 2033 1013 2090 puppibus
1035 2033 1217 2077 instant.

190 2108 390 2164 Stuppea
412 2106 590 2148 flamma
613 2119 751 2146 manu
773 2104 936 2160 telique
959 2104 1137 2147 volatile
1160 2104 1322 2147 ferrum

191 2177 422 2235 Spargitur
441 2190 452 2230 3
487 2190 589 2218 arva
612 2189 724 2217 nova
749 2175 979 2231 Neptunia
1001 2176 1132 2218 caede
1155 2176 1406 2219 rubescunt.
1534 2176 1622 2219 695

188 2249 362 2307 Regina
385 2248 430 2290 in
452 2245 606 2289 mediis
630 2246 772 2303 patrio
793 2252 921 2289 vocat
944 2247 1121 2303 agmina
1144 2246 1286 2302 sistro,

189 2320 394 2364 Necdum
416 2318 552 2361 etiam
574 2318 766 2374 geminos
790 2332 815 2359 a
838 2323 958 2374 tergo
983 2317 1159 2374 respicit
1182 2332 1358 2375 angues.

192 2390 578 2447 Omnigenumque
601 2388 732 2430 deum
756 2395 950 2430 monstra
973 2393 1017 2430 et
1039 2389 1224 2430 latrator
1245 2387 1421 2430 Anubis

190 2462 355 2506 Contra
378 2460 642 2516 Neptunum
666 2464 710 2500 ct
733 2458 950 2501 Venerem
973 2465 1212 2514 esmtraque
1235 2459 1481 2500 Minervam

190 2533 298 2575 Tela
320 2537 487 2575 tenent.
554 2530 702 2574 Saevit
723 2531 865 2572 medio
887 2531 931 2572 in
954 2530 1189 2573 certamine
1215 2530 1390 2572 Mavors
1532 2526 1621 2573 700

190 2603 399 2647 Caelatus
421 2601 544 2656 ferro,
571 2601 802 2657 tristesque
825 2616 879 2643 ex
902 2601 1075 2643 aethere
1095 2600 1227 2643 Dirae
1248 2615 1258 2654 ;
