1778 2937
613 615 667 661 P.
708 614 971 659 VIRGlLII
1014 611 1275 658 MARONIS

504 751 1386 819 AENEIDOS

655 917 848 960 LIBER
883 912 1239 961 SECUNDUS.

228 1168 488 1213 Conticuere
511 1181 677 1222 omnes,
701 1164 952 1221 intentique
975 1179 1050 1207 ora
1072 1162 1299 1208 tenebant.

227 1241 338 1294 Inde
360 1244 456 1283 toro
478 1244 607 1296 pater
627 1237 801 1281 Aeneas
824 1236 885 1280 sic
908 1251 1029 1279 orsus
1051 1235 1108 1278 ab
1131 1235 1224 1278 alto
1243 1250 1252 1279 :

231 1312 257 1333 “
273 1311 529 1366 Infandum,
554 1309 715 1366 regina,
735 1308 865 1365 jubes
887 1321 1089 1350 renovare
1111 1306 1318 1362 dolorem,

230 1382 442 1439 Trojanas
463 1386 517 1424 ut
539 1395 642 1438 opes
665 1385 709 1423 et
732 1378 1018 1422 lamentabile
1041 1392 1226 1434 regnum

229 1454 438 1497 Eruerint
462 1451 609 1495 Danai
628 1466 640 1506 3
674 1464 876 1508 quaeque
898 1449 992 1506 ipse
1014 1448 1257 1491 miserrima
1277 1447 1382 1503 vidi,
1644 1447 1672 1491 5

229 1525 292 1568 Et
315 1538 504 1581 quorum
526 1537 626 1580 pars
648 1536 810 1578 magna
830 1520 907 1564 fui.
974 1519 1082 1573 Quis
1104 1519 1214 1562 talia
1235 1519 1369 1561 fando

230 1595 561 1654 Myrmidonum
583 1593 859 1650 Dolopumve
881 1597 960 1634 aut
983 1590 1082 1634 duri
1104 1590 1233 1633 miles
1256 1589 1386 1633 Ulixi

230 1668 468 1724 Temperet
490 1681 517 1709 a
537 1663 732 1708 lacrimis
755 1665 776 1707 Ρ
812 1667 857 1706 et
876 1662 972 1719 jam
993 1676 1080 1705 nox
1102 1661 1289 1704 humida
1311 1661 1429 1704 coelo

231 1737 522 1795 Praecipitat,
543 1736 821 1792 suadentque
842 1733 1049 1779 cadentia
1072 1732 1216 1776 sidera
1240 1747 1426 1777 somnos,

233 1810 320 1854 Sed
343 1809 379 1852 si
400 1812 557 1850 tantus
579 1820 700 1848 amor
722 1820 848 1848 casus
870 1818 1125 1861 cognoscere
1149 1808 1319 1846 nostros
1617 1802 1674 1844 10

233 1881 295 1923 Et
317 1878 509 1922 breviter
532 1876 687 1932 Trojae
711 1889 966 1932 supremum
989 1873 1139 1916 audire
1161 1873 1355 1915 laborem
1376 1886 1386 1927 3

235 1951 515 2005 Quamquam
539 1947 712 1990 animus
734 1945 984 1988 meminisse
1007 1944 1153 1987 horret
1173 1943 1388 2000 luctuque
1413 1942 1589 1999 refugit,

151 2072 153 2074 ,
174 2066 177 2067 ⁷
234 2021 466 2078 Incipiam.
532 2017 685 2061 Fracti
705 2017 820 2060 bello
842 2016 1035 2072 fatisque
1057 2014 1222 2071 repulsi

236 2093 452 2135 Ductores
476 2089 702 2143 Danaum,
727 2092 796 2129 tot
813 2087 905 2142 jam
936 2085 1187 2128 labentibus
1209 2084 1349 2140 annis,

235 2167 384 2208 Instar
405 2162 568 2206 montis
592 2174 755 2217 equum
778 2157 926 2201 divina
949 2157 1145 2199 Palladis
1167 2160 1264 2198 arte
1617 2154 1674 2197 15

238 2235 504 2288 Aedificant,
528 2237 733 2287 sectaque
755 2229 965 2272 intexunt
987 2227 1131 2270 abiete
1155 2231 1296 2269 costas
1314 2240 1325 2280 3

239 2307 408 2350 Votum
429 2319 506 2362 pro
530 2302 676 2346 reditu
699 2300 910 2345 simulant
931 2314 941 2343 t
977 2313 1027 2341 ea
1049 2298 1169 2340 fama
1190 2302 1389 2353 vagatur.

238 2378 341 2421 Huc
363 2377 537 2420 delecta
559 2375 703 2417 virsim
726 2371 869 2416 sortiti
892 2385 1068 2427 corpora
1090 2369 1251 2411 furtim

239 2449 485 2492 Includunt
507 2461 634 2490 cacco
656 2444 799 2500 lateri,
822 2441 1088 2500 ponitusque
1111 2453 1316 2483 cavernas

239 2521 451 2578 Ingentes
474 2524 741 2573 uterumque
764 2519 933 2558 armato
955 2512 1096 2555 milite
1120 2510 1354 2567 complent.
1619 2507 1679 2551 20

239 2591 323 2635 Est
346 2591 394 2634 in
415 2593 653 2646 conspectu
678 2586 893 2641 TenchS,
917 2583 1146 2627 notissima
1167 2581 1287 2624 fama
