1741 2902
587 108 814 138 AENEmos
847 109 932 140 Lm.
969 109 1014 139 x.
1430 99 1514 142 241

94 217 212 260 Tum
234 232 364 273 super
385 215 607 273 abjectum
629 217 770 273 posito
794 217 903 273 pede
926 217 1056 259 nixus
1078 223 1122 260 et
1145 218 1285 273 hasta,

94 288 245 331 “Pars
267 288 369 330 belli
390 287 508 329 haud
531 288 780 341 temnenda,
805 287 897 342 viri,
916 287 1035 342 jacet
1058 288 1175 330 altus
1201 288 1407 332 Orodes.”

32 346 35 349 .
94 358 382 401 Conclamant
405 357 506 399 socii
529 357 696 398 laetum
719 371 886 412 paeana
910 358 1058 400 secuti.

93 429 176 470 Ille
199 434 349 470 autem
371 427 618 483 exspirans:
656 428 683 448 ‘⁶
700 427 800 470 Non
823 442 906 482 me,
931 428 1196 484 quicumque
1219 444 1276 485 es,
1302 429 1457 485 inulte,

94 499 120 519 ‘⁴
140 499 307 554 Victor,
332 513 410 541 nec
433 499 614 555 longum
635 499 880 542 laetabere:
918 505 961 542 te
986 515 1157 556 quoque
1180 501 1277 543 fata
1431 500 1518 545 740

93 569 120 590 “
139 569 428 625 Prospectant
451 570 586 625 paria,
611 574 745 626 atque
769 571 920 613 eadem
942 585 1044 613 mox
1067 587 1168 614 arva
1191 573 1399 615 tenebis.'²

92 639 164 683 Ad
188 655 320 695 quem
344 640 570 682 subridens
594 640 735 682 mixta
760 641 1007 684 Mezentius
1029 642 1116 685 ira:

94 710 120 731 ‘⁴
138 710 268 753 Nune
283 725 445 753 morere
463 725 474 765 ;
499 716 567 753 ast
581 712 634 753 de
653 726 721 753 me
739 712 889 753 divum
904 717 1032 768 pater
1049 719 1182 768 atque
1198 714 1426 756 hominum
1446 728 1519 756 rex

94 781 119 801 “
142 781 336 826 Viderit!
358 783 383 801 '²
446 782 542 824 Hoc
565 782 712 824 dicens
734 783 888 824 eduxit
911 798 1082 839 corpore
1107 785 1243 826 telum
1266 799 1276 838 ;

93 853 180 895 Olli
203 854 311 895 dura
333 853 456 909 quies
478 854 622 895 oculos
645 859 688 895 et
710 853 870 895 ferreus
892 861 1050 910 urguet
1431 854 1519 899 745

95 923 295 978 Somnus,
319 923 364 965 in
387 928 611 965 aeternam
634 924 902 966 clauduntur
923 925 1094 967 lumina
1115 933 1302 970 noctem.
1419 924 1421 926 ’

93 994 306 1037 Caedicus
327 994 599 1036 Alcathoum
621 994 855 1036 obtruncat
873 1009 884 1048 3
921 995 1122 1039 Sacrator
1145 996 1384 1053 Hydaspen
1401 1011 1411 1050 ;

92 1064 466 1120 Partheniumque
490 1064 614 1121 Rapo
638 1069 682 1106 et
704 1065 968 1120 praedurum
991 1065 1152 1109 viribus
1176 1066 1337 1121 Orsen3

92 1135 322 1191 Messapus
347 1134 638 1191 Cloniumque
661 1135 1022 1192 Lycaoniumque
1044 1137 1265 1193 Ericeten,

93 1205 234 1248 Illum⁴
248 1206 426 1249 infrenis
449 1206 549 1262 equi
570 1207 698 1262 lapsu
719 1207 876 1248 tellure
892 1206 1128 1264 jacentem,
1273 1261 1276 1264 .
1432 1208 1520 1253 '750

94 1277 225 1319 Hunc
247 1277 439 1333 peditem
461 1278 603 1334 pedes.
669 1277 730 1319 Et
754 1277 914 1333 Lycius
938 1285 1201 1335 processerat
1224 1280 1348 1337 Agis,

94 1348 235 1401 Quem
257 1353 408 1391 tamen
427 1349 547 1392 haud
570 1363 723 1405 expers
746 1348 937 1392 Valerus
959 1350 1138 1393 virtutis
1160 1351 1306 1394 avitae

94 1418 283 1474 Deficit,
318 1425 365 1461 at
390 1419 635 1462 Thronium
659 1420 1098 1478 Salius,·Saliumque
1122 1422 1323 1478 Nealces,

93 1488 285 1544 Insignis
301 1489 449 1545 jaculo
471 1495 516 1531 et
537 1490 663 1546 longe
685 1490 868 1532 fallente
893 1491 1067 1547 sagitta.

183 1560 214 1602 J
217 1574 288 1601 am
311 1560 455 1615 gravis
477 1560 696 1615 aequabat
718 1561 864 1603 luctus
887 1567 931 1603 et
955 1571 1112 1604 mutua
1137 1563 1310 1605 Mavors
1433 1562 1519 1607 755

93 1631 267 1673 Funera
285 1645 295 1685 3
331 1631 569 1673 caedebant
591 1631 757 1686 pariter
778 1631 1023 1687 pariterque
1047 1633 1232 1675 ruebant

94 1701 293 1743 Victores
316 1700 523 1756 victique,
549 1715 690 1756 neque
712 1701 780 1743 his
802 1702 908 1758 fuga
930 1708 1036 1744 nota
1059 1718 1198 1759 neque
1221 1704 1319 1747 illis.

96 1772 154 1814 Di
175 1771 206 1813 J
209 1771 300 1813 ovis
321 1771 367 1812 in
390 1770 523 1820 tectis
544 1770 655 1812 iram
678 1771 944 1814 miserantur
966 1772 1143 1815 inanem

94 1842 351 1896 Amborum,
377 1846 421 1883 et
443 1845 593 1884 tantos
615 1842 872 1884 mortalibus
895 1857 986 1885 esse
1008 1843 1200 1887 labores:

94 1912 210 1954 Hinc
235 1912 401 1967 Venus,
426 1910 527 1954 hinc
551 1916 702 1954 contra
725 1917 896 1968 spectat
922 1912 1128 1955 Saturnia
1149 1913 1270 1957 Juno
1288 1928 1298 1968 ;
1435 1913 1523 1958 760

95 1983 267 2025 Pallida
291 1981 525 2038 Tisiphone
548 1981 692 2024 media
713 1981 830 2025 inter
851 1982 988 2026 millia
1011 1984 1160 2027 saevit.

96 2053 160 2094 At
181 2067 280 2094 vero
302 2052 527 2108 ingentem
548 2052 752 2108 quatiens
776 2052 1026 2096 Mezentius
1046 2054 1224 2097 hastam

97 2122 318 2165 Turbidus
339 2122 585 2178 ingreditur
607 2137 773 2178 campo.
841 2123 985 2176 Quam
1007 2139 1194 2180 magnus
1220 2126 1369 2182 Orion,

97 2193 245 2241 Quum
268 2193 398 2249 pedes
421 2192 583 2234 incedit
605 2193 737 2234 medii
758 2207 834 2248 per
854 2193 1047 2236 maxima
1070 2195 1211 2245 Nemi.

98 2265 278 2320 Stagna,
303 2262 420 2304 viam
444 2262 656 2317 scindens,
680 2262 859 2304 humero
882 2263 1173 2318 supereminet
1196 2265 1349 2320 undas,
1436 2265 1522 2309 705

97 2334 206 2388 Aut,
233 2332 412 2375 summis
435 2331 618 2374 referens
640 2346 848 2374 annosam
870 2333 1092 2375 montibus
1115 2348 1282 2390 ornum,

97 2404 437 2461 Ingrediturque
460 2403 546 2445 solo
569 2408 612 2444 et
636 2408 770 2458 caput
794 2402 910 2444 inter
931 2403 1082 2446 nubila
1104 2405 1279 2449 condit:

99 2475 220 2518 Talis
243 2489 286 2517 se
308 2474 446 2516 vastis
468 2473 600 2515 infert
624 2472 871 2515 Mezentius
894 2473 1037 2517 armis.

99 2545 217 2588 Huic
239 2551 388 2589 eontra
411 2545 600 2599 Aeneas,
627 2544 880 2600 speculatus
902 2544 948 2586 in
972 2545 1146 2601 agmine
1170 2546 1312 2604 longo,

519 2614 564 2650 11
