1757 2916
194 140 252 184 56
682 150 912 181 Annmnos
945 151 1032 182 ΜΒ.
1067 151 1132 180 111.

285 260 529 317 Postquam
551 260 694 302 altum
718 265 896 302 tenuere
918 264 1048 314 rates,
1074 273 1151 301 nec
1168 258 1261 314 jam
1284 256 1476 314 amplius
1497 255 1612 298 ullae

195 331 428 389 Apparcnt
452 337 607 387 terrae,
631 332 801 374 coelum
822 331 1016 387 undique
1040 335 1084 372 et
1108 330 1304 385 undique
1329 333 1517 384 pontus3

195 404 313 446 Tum
335 404 444 446 mihi
468 404 691 446 caeruleus
714 418 845 459 supra
868 408 1005 458 caput
1029 402 1208 444 adstitit
1232 401 1372 443 imber

194 474 382 517 Noctem
403 475 680 530 hiememque
703 474 855 528 ferens,
876 478 920 515 et
942 472 1159 514 inhorruit
1179 472 1298 514 unda
1315 469 1519 512 tenebris.
1547 469 1633 511 195

195 546 415 589 Continuo
438 546 560 588 venti
582 545 767 587 volvunt
789 558 908 586 mare
931 557 1181 600 magnaque
1205 547 1391 598 surgunt

195 618 399 673 Aequora
421 631 431 661 :
470 616 654 672 dispersi
670 615 893 672 jactamur
914 614 1087 671 gurgite
1110 619 1245 656 vasto.

195 688 419 730 Involvere
443 686 560 729 diem
584 685 737 741 nimbi,
762 690 808 727 et
830 698 920 726 nox
941 683 1125 726 humida
1148 683 1317 725 coelum

195 758 423 811 Abstulit;
459 756 736 813 ingeminant
760 754 962 811 abruptis
984 754 1175 796 nubibus
1195 753 1318 809 ignes
1339 767 1348 796 ε

194 827 463 871 Excutimur
484 841 630 882 cursu,
656 831 701 868 et
723 818 1080 868 eaecis‘'e1·ramus
1101 824 1149 866 in
1170 823 1314 867 undis.

195 899 298 956 Ipse
320 899 438 942 diem
459 903 724 954 noctemque
746 902 882 954 negat
905 896 1146 939 discernere
1169 894 1301 950 coelo,

195 972 288 1015 Nec
311 970 561 1013 meminisse
583 968 677 1011 viae
701 969 848 1011 media
871 967 1108 1011 Palinurus
1131 966 1178 1008 in
1199 966 1333 1009 unda.

197 1042 305 1086 Tres
326 1042 433 1084 adeo
455 1041 644 1085 incertos
665 1055 793 1084 caeca
815 1039 1002 1097 caligine
1026 1038 1133 1081 soles

196 1114 408 1157 Erramus
430 1113 601 1170 pelago,
626 1112 813 1155 totidem
837 1111 928 1154 sine
953 1110 1089 1153 sidere
1111 1113 1289 1162 noctes3
1323 1098 1326 1101 ¹

199 1185 367 1237 Quarto
388 1189 503 1226 terra
525 1183 595 1225 die
618 1183 813 1239 primum
836 1197 881 1225 se
904 1181 1104 1224 attollere
1127 1179 1312 1222 tandem

199 1255 323 1311 Visa,
347 1254 512 1311 aperire
535 1254 687 1311 procul
707 1259 879 1296 montes
902 1267 951 1294 ac
975 1252 1143 1295 volvere
1166 1250 1356 1293 fumum.

199 1326 314 1370 Vela
336 1327 517 1383 eadunt,
541 1325 669 1368 remis
692 1325 986 1382 insurgimus3
1020 1323 1143 1366 haud
1165 1337 1299 1377 mora,
1324 1326 1487 1363 nautae

200 1398 371 1441 Annixi
392 1403 598 1454 torquent
622 1412 801 1453 spumas
824 1402 868 1438 et
891 1395 1064 1438 caerula
1085 1397 1275 1436 verrunt.

203 1470 435 1514 Servatum
458 1483 513 1510 ex
534 1469 665 1510 undis
691 1467 992 1524 Strophadum
1014 1480 1084 1508 me
1105 1465 1237 1507 litora
1258 1463 1455 1520 primum

201 1541 467 1597 Accipiunt:
506 1540 773 1596 Strophades
796 1537 929 1581 Graio
953 1542 1075 1580 stant
1097 1536 1273 1579 nomine
1295 1535 1441 1578 dictae

200 1612 377 1655 Insulae
399 1611 522 1654 Ionio
543 1611 590 1653 in
612 1624 785 1668 magno,
811 1624 921 1666 quas
945 1609 1040 1651 dira
1064 1607 1256 1652 Celaeno

200 1682 507 1740 Harpyiaeque
529 1683 681 1726 colunt
703 1682 829 1738 aliae,
854 1681 1044 1724 Phineia
1068 1684 1309 1736 postquam

201 1755 362 1799 Clausa
384 1755 552 1809 domus,
575 1767 837 1808 mensasque
859 1757 984 1794 metu
1004 1751 1170 1806 liquere
1193 1748 1366 1806 priores.

202 1826 393 1868 Tristius
414 1824 536 1867 haud
559 1824 645 1866 illis
667 1828 929 1877 monstrum,
953 1836 1032 1864 nec
1056 1820 1221 1863 saevior
1242 1819 1335 1861 ulla

201 1896 346 1939 Pestis
368 1899 413 1937 et
435 1893 500 1936 ira
521 1894 654 1936 deum
679 1893 845 1949 Stygiis
869 1906 959 1934 sese
983 1890 1148 1933 extulit
1169 1889 1311 1932 undis.

202 1965 402 2022 Virginei
424 1965 651 2007 volucrum
674 1964 841 2018 vultus,
866 1962 1117 2005 foedissima
1138 1959 1304 2002 ventris

203 2037 441 2093 Proluvies,
466 2050 693 2092 uncaeque
716 2049 887 2090 manus,
912 2038 956 2076 ct
978 2032 1145 2090 pallida
1167 2045 1336 2088 semper

203 2110 290 2153 Ora
311 2109 439 2156 farne.

203 2181 304 2223 Huc
326 2170 405 2223 ubi
426 2179 563 2223 delati
586 2183 738 2235 portus
760 2176 1021 2219 intravimus
1040 2190 1051 2230 ;
1087 2189 1186 2218 ecce

202 2251 344 2295 Laeta
364 2250 500 2294 boum
521 2248 686 2307 passim
708 2247 875 2304 campis
898 2252 1100 2289 armenta
1121 2245 1322 2288 videmus

205 2322 589 2379 Caprigenumque
610 2334 759 2377 pecus,
782 2318 903 2362 nullo
927 2318 1122 2374 custode,
1145 2331 1223 2374 per
1244 2315 1411 2358 herbas.

203 2393 418 2437 Irruimus
439 2392 562 2449 ferro,
587 2398 633 2435 et
655 2392 775 2435 divos
796 2390 1030 2447 ipsumque
1056 2403 1265 2432 vocamus

204 2465 258 2508 In
281 2471 452 2522 partem
473 2464 771 2521 praedamque
792 2462 823 2505 J
827 2476 951 2504 ovem
967 2475 978 2516 3
1014 2466 1112 2503 tum
1133 2460 1259 2502 litore
1282 2471 1410 2500 curvo

204 2536 576 2592 Exstruimusque
600 2540 727 2590 toros,
751 2532 1026 2590 dapibusque
1050 2530 1283 2593 epulamur
1303 2528 1471 2586 opimis,

208 2607 270 2650 At
292 2607 465 2651 subitae
486 2593 683 2650 horrifico
703 2606 833 2662 lapsu
854 2604 908 2647 de
932 2602 1155 2646 montibus
1177 2601 1339 2644 adsunt

1545 820 1636 863 200

1546 1176 1636 1219 205

1549 1533 1640 1575 210

1547 1887 1637 1931 215

1549 2240 1640 2285 220

1550 2598 1640 2643 225
