1731 2923
657 143 887 173 AENEIDOS
920 144 1004 174 LIB.
1040 145 1085 175 11.

149 250 315 309 Insula,
339 251 461 295 dives
482 266 630 309 opum,
656 251 825 294 Priami
847 252 956 294 dum
980 266 1112 309 regna
1136 253 1389 308 manebant,

150 321 282 365 Nunc
306 327 487 365 tantum
510 322 629 365 sinus
652 328 696 365 et
719 323 852 365 statio
874 323 989 365 male
1012 323 1100 365 fida
1125 323 1279 365 carinis
1300 338 1308 366 :

150 394 251 436 Huc
273 408 317 437 se
341 394 533 450 provecti
555 394 723 436 deserto
746 394 792 436 in
814 394 938 436 litore
963 394 1169 436 cendunt.

147 464 189 507 N
192 480 236 508 os
259 466 415 508 abiisse
440 465 526 508 rati
550 470 594 507 et
617 472 746 508 vento
769 466 947 521 petiisse
972 465 1190 521 Mycenas,

150 536 264 593 Ergo
287 537 428 580 omnis
450 537 578 594 longo
603 536 731 585 solvit
756 551 799 578 se
826 536 1010 579 Teucria
1032 537 1159 578 luctu
1176 550 1186 590 3

148 607 410 649 Panduntur
433 614 583 664 portae
605 622 614 651 :
643 606 773 663 juvat
796 607 858 649 ire
882 613 926 649 et
951 607 1111 650 Dorica
1133 612 1280 650 eastra

149 678 440 734 Desertesque
462 679 605 721 videre
627 678 742 721 locos
762 678 957 734 litusque
980 678 1195 721 relictum.

80 809 82 814 λ
145 748 231 791 Η10
258 749 479 805 Dolopum
502 763 672 804 manus,
692 749 763 791 hie
788 763 941 792 saevus
964 749 1181 791 tendebat
1205 748 1401 792 Achilles
1423 763 1435 804 3

62 1544 89 1575 *k

149 818 373 863 classibus
395 819 464 862 hic
487 819 622 875 100113,
646 820 716 862 1110
739 820 830 863 3010
852 826 1017 862 certare
1040 820 1252 864 solebant.

143 890 253 932 Pars
275 896 425 946 stupet
447 891 662 947 innuptae
685 892 850 933 donum
873 891 1052 933 exitiale
1076 891 1313 947 Minervae,

141 958 203 1002 Et
226 960 387 1002 molem
409 960 628 1002 mirantur
649 961 782 1016 equis
827 960 1090 1017 Primusque
1115 961 1382 1017 Thymoetes

143 1030 261 1073 Duci
282 1031 399 1073 intra
422 1046 567 1074 muros
588 1032 795 1074 hortatur
816 1037 861 1074 et
884 1046 980 1074 arce
1002 1031 1150 1087 locari,

144 1100 244 1145 Sive
267 1101 379 1156 (1010,
404 1116 481 1144 3011
497 1101 592 1157 jam
615 1101 772 1158 Trojae
796 1101 856 1144 310
880 1101 974 1144 fata
996 1102 1208 1145 ferebant.

138 1171 204 1214 At
230 1171 390 1228 Capys,
416 1178 459 1214 et
483 1186 667 1228 quorum
691 1173 845 1215 melior
867 1172 1086 1215 sententia
1108 1172 1262 1228 menti7

137 1243 236 1285 Aut
260 1245 413 1300 pelage
438 1244 645 1286 Danaum
667 1243 847 1286 insidias
871 1249 1162 1300 suspectaque
1184 1244 1299 1286 dena

138 1313 436 1371 Praecipitare
456 1315 616 1369 jubent
640 1315 935 1371 subJectisque
958 1329 1080 1357 urere
1103 1315 1308 1370 flammis,

137 1386 232 1428 Aut
256 1386 471 1428 terebrare
496 1401 625 1429 cavas
649 1387 763 1429 uteri
787 1393 831 1429 et
855 1393 1025 1429 tentare
1049 1387 1251 1429 latebras.

138 1456 364 1500 Scinditur
385 1458 606 1500 incertum
629 1458 776 1500 studia
798 1458 844 1500 111
867 1458 1082 1500 centraria
1106 1458 1276 1514 vulgus.
1303 1490 1314 1495 -

136 1526 313 1570 Primus
336 1528 397 1570 ibi
420 1534 524 1570 ante
548 1543 710 1584 01111103,
733 1543 895 1584 magna
919 1528 1156 1571 comitante
1180 1533 1370 1583 caterva,

132 1595 333 1640 Laocoon
355 1598 511 1640 ardens
534 1612 708 1640 summa
729 1598 920 1639 decurrit
942 1598 998 1640 ab
1021 1612 1132 1652 aree,

134 1666 197 1708 Et
218 1668 399 1724 procul:
436 1667 464 1688 ‘⁴
481 1668 517 1712 O
542 1668 700 1723 miseri,
726 1682 837 1724 quae
861 1673 989 1711 tanta
1011 1668 1196 1724 insania,
1221 1668 1337 1711 cives
1360 1669 1381 1711 Ρ

134 1737 163 1758 “
183 1737 373 1781 Creditis
396 1743 572 1781 avectos
593 1739 752 1794 hostes,
776 1744 855 1781 aut
878 1739 972 1781 ulla
993 1739 1164 1796 putatis

130 1806 158 1830 ‘⁴
177 1808 306 1851 Dona
327 1823 472 1851 carere
495 1809 603 1852 dolis
627 1809 837 1851 Danaum
859 1811 880 1852 Ρ
917 1809 976 1852 310
999 1815 1131 1852 notus
1156 1810 1314 1852 Ulixes
1339 1811 1359 1853 Ρ

129 1877 159 1900 “
175 1878 272 1922 Aut
293 1879 373 1921 hoc
394 1879 553 1923 inclusi
573 1879 692 1936 ligno
715 1881 996 1923 occultantur
1017 1880 1196 1936 Achivi,

129 1949 157 1971 ‘⁴
175 1950 273 1992 Aut
297 1950 403 1993 haee
426 1950 472 1993 in
495 1955 664 1993 nostres
686 1950 898 1993 fabricata
923 1956 990 1993 est
1014 1951 1219 1993 maehina
1241 1966 1406 2006 muros,

128 2020 156 2043 “
176 2021 440 2077 Inspectura
461 2022 611 2063 domes
634 2027 907 2077 venturaque
929 2022 1114 2078 desuper
1134 2021 1246 2075 urbi,

129 2090 156 2111 ‘⁴
172 2091 269 2133 Aut
292 2091 450 2146 aliquis
467 2091 578 2133 latet
601 2105 722 2135 error.
786 2091 914 2147 Equo
937 2106 990 2134 ne
1013 2092 1187 2147 credite,
1215 2091 1385 2135 Teucri.

128 2161 156 2182 ‘⁶
176 2161 402 2217 Quidquid
423 2162 468 2203 id
487 2167 566 2216 est,
592 2162 726 2204 timeo
751 2162 927 2204 Danaos
950 2168 994 2204 et
1017 2163 1129 2205 dona
1149 2163 1379 2205 ferentes.'’
1408 2192 1412 2196 -

128 2232 197 2275 Sic
220 2232 358 2287 fatus,
382 2231 538 2274 validis
560 2231 787 2287 ingentem
807 2232 972 2274 viribus
995 2233 1170 2274 hastam

126 2303 178 2344 In
202 2303 320 2344 latus
342 2302 477 2357 inque
499 2302 578 2343 feri
600 2316 780 2344 curvam
803 2302 1088 2358 compagibus
1111 2303 1260 2344 alvum

127 2372 364 2416 Contorsit.
434 2372 571 2416 Stetit
594 2372 671 2414 illa
693 2377 898 2427 tremens,
923 2377 1134 2428 uteroque
1158 2386 1329 2415 recusso

128 2442 363 2486 Insonuere
387 2458 516 2486 cavae
538 2442 843 2499 gemitumque
865 2443 1021 2485 dedere
1045 2457 1254 2485 cavernae
1273 2457 1284 2497 ;

125 2512 204 2569 Et,
228 2513 265 2556 31
285 2513 381 2556 fata
403 2514 552 2570 deum,
581 2513 618 2557 31
639 2527 761 2556 1110113
783 2528 871 2556 11011
893 2513 1018 2555 laeva
1039 2513 1207 2568 fuisset,

127 2581 375 2641 Impulerat
396 2584 508 2628 ferro
531 2583 759 2641 Argolicas
780 2584 953 2627 foedare
974 2584 1179 2640 latebras,

1529 135 1588 182 2’7

1519 821 1577 863 30

1514 1174 1572 1218 35

1512 1528 1569 1570 40

1505 1881 1564 1925 45

1500 2585 1557 2628 55
