1741 2902
656 118 885 150 AENEIDOS
917 119 1003 150 LIB.
1037 119 1114 150 XII.

1244 187 1260 203 1

174 230 364 273 Excutit
388 227 663 283 effunditque
686 227 774 270 solo
793 240 804 270 t
838 226 955 269 hunc
977 227 1068 268 lora
1090 232 1133 268 et
1150 225 1258 282 juga
1281 226 1430 268 subter

175 301 430 343 Provolvere
453 304 569 341 rotae
591 311 602 352 ;
637 298 781 340 crebro
805 311 934 353 super
954 296 1122 352 ungula
1147 296 1279 352 pulsu

174 371 320 413 Incita
342 384 420 412 nec
444 368 609 411 domini
632 382 874 410 memorum
897 367 1122 423 proculcat
1145 380 1366 422 equorum.

173 441 254 483 Ille
279 440 423 501 ruenti
447 439 580 494 Hyllo
604 438 846 494 animisque
869 438 1059 479 immane
1083 437 1287 480 frementi

175 511 394 566 Occurrit,
415 511 641 565 telumque
665 514 820 551 aurata
842 509 898 551 ad
921 514 1118 564 tempora
1140 513 1338 563 torquet:

176 581 267 624 Olli
288 596 365 637 per
387 581 555 637 galeam
578 581 665 622 fixo
689 579 813 621 stetit
836 579 965 621 hasta
987 578 1173 621 cerebro.

174 651 369 694 Dextera
391 666 469 692 nec
494 656 572 692 tua
594 655 652 705 tc,
669 648 864 692 Graium
886 648 1132 703 fortissime,
1160 647 1365 702 Cretheu,

174 721 353 777 Eripuit
378 721 526 762 Turno
545 734 556 773 3
592 734 670 761 nec
693 719 737 761 di
760 724 906 761 texere
931 718 1206 775 Cupencum,
1236 724 1240 729 '

172 791 326 833 Aenea
348 791 562 845 veniente,
587 790 654 832 sui
674 804 682 833 :
718 790 840 832 dedit
863 789 989 832 obvia
1010 789 1118 831 ferro

172 862 373 917 Pectora,
398 865 476 904 ne‘c
500 861 654 903 misero
677 860 805 916 clipei
826 875 945 902 mora
967 859 1131 916 profuit
1155 860 1277 902 aerei.

173 931 235 974 Te
258 945 430 987 quoque
454 931 694 973 Laurentes
717 931 934 985 viderunt,
957 930 1107 985 Aeole,
1131 929 1278 985 campi

172 1002 391 1058 Oppetere
413 1006 458 1043 et
478 1001 568 1043 late
590 1006 752 1043 terram
774 1005 1043 1042 consternere
1066 1005 1186 1055 tergo
1206 1013 1215 1041 ε

174 1071 363 1128 Occidis,
387 1071 576 1128 Argivae
599 1085 729 1127 quem
750 1085 842 1122 non,
858 1075 1038 1127 potuere
1059 1070 1300 1126 phalanges

173 1142 388 1197 Sternere,
412 1156 491 1184 nec
516 1141 684 1184 Priami
707 1156 936 1198 regnorum
960 1155 1127 1183 eversor
1147 1140 1371 1193 Achilles;

175 1213 260 1256 Hic
284 1213 368 1255 tibi
389 1212 540 1255 mortis
564 1217 687 1255 erant
709 1216 870 1267 metae,
894 1212 1050 1254 domus
1073 1211 1165 1253 alta
1187 1211 1267 1253 sub
1289 1210 1384 1265 Ida,

171 1283 353 1339 Lyrnesi
373 1283 529 1325 domus
551 1283 655 1338 alta,
681 1283 770 1325 solo
791 1272 1012 1325 Laurente
1036 1282 1296 1338 sepulcrum.

173 1355 316 1398 Totae
339 1355 445 1397 adeo
469 1369 697 1397 conversae
720 1354 847 1410 acies,
871 1368 1105 1410 omnesque
1128 1353 1293 1408 Latini,

172 1426 334 1469 Omnes
358 1425 651 1481 Dardanidae,
677 1425 949 1480 Mnestheus,
974 1439 1158 1480 acerque
1183 1425 1397 1480 Serestus,

173 1495 234 1539 Et
257 1496 486 1552 Messapus
510 1501 673 1551 equum
695 1496 895 1551 domitor,
921 1502 965 1538 et
987 1495 1112 1538 :fortis
1134 1495 1296 1550 Asilas,

175 1567 508 1621 Tuscorumque
530 1566 741 1622 phalanx,
764 1565 1047 1621 Evandrique
1070 1564 1264 1607 Arcades
1287 1564 1394 1608 alae.

174 1637 259 1680 Pro
284 1652 328 1686 se
349 1636 535 1693 quisque
556 1636 637 1678 viri
659 1639 833 1678 summa
853 1636 1060 1678 nituntur
1081 1650 1214 1692 opum
1234 1635 1303 1678 vi:

174 1708 268 1751 Nec
293 1722 425 1761 mora,
450 1722 528 1750 nec
552 1707 720 1762 requies
742 1721 752 1760 3
786 1711 910 1749 vasto
932 1706 1170 1749 certamine
1193 1706 1396 1749 tendunt.

265 1777 351 1821 Hic
374 1783 569 1820 mentem
591 1777 765 1819 Aeneae
786 1776 986 1833 genetrix
1008 1776 1300 1833 pulcherrima
1322 1775 1458 1832 misit,

173 1849 262 1891 Iret
285 1854 337 1891 ut
360 1849 417 1891 ad
439 1862 598 1903 muros,
621 1846 806 1903 urbique
828 1847 1071 1889 adverteret
1093 1861 1251 1903 agmen

172 1918 305 1961 Ocius
328 1923 371 1961 et
394 1918 540 1961 subita
557 1917 756 1960 turbaret
778 1917 902 1959 clade
925 1916 1119 1961 Latinos

172 1988 268 2043 Ille,
293 1993 345 2030 ut
368 1987 589 2044 vestigans
611 1986 780 2030 diversa
800 2001 878 2043 per
899 1986 1076 2043 agmina
1100 1986 1300 2028 Turnum

173 2058 275 2100 Huc
298 2063 433 2113 atque
454 2058 541 2101 huc
564 2057 678 2101 acies
700 2058 986 2111 circumtulit,
1011 2057 1199 2114 adspicit
1222 2057 1374 2099 urbem

173 2128 427 2170 Immunem
448 2127 566 2169 tanti
586 2128 689 2170 belli
713 2133 846 2183 atque
866 2129 1046 2183 impune
1069 2127 1278 2182 quietam.

175 2199 397 2242 Continuo
419 2212 592 2254 pugnae
613 2199 813 2240 accendit
834 2198 1007 2253 majoris
1028 2198 1169 2254 imago
1189 2212 1198 2241 :

174 2268 406 2311 Mnesthea
420 2268 767 2327 Sergestumque
788 2272 917 2309 vocat
938 2267 1180 2321 fortemque
1205 2267 1428 2309 Serestum

174 2339 402 2394 Ductores,
428 2339 739 2393 tumulumque
762 2337 894 2393 capit,
919 2351 1004 2392 quo
1028 2342 1172 2379 cetera
1196 2336 1419 2378 Teucrum

174 2410 402 2454 Concurrit
424 2409 549 2465 legio,
575 2423 651 2450 nec
677 2414 802 2450 scuta
824 2414 903 2450 aut
926 2408 1095 2463 spicula
1117 2407 1239 2449 densi

175 2482 426 2537 Deponunt.
495 2479 620 2522 Celso
641 2479 809 2521 medius
833 2484 954 2521 stans
976 2493 1129 2535 aggere
1151 2478 1271 2520 fatur
1289 2492 1297 2520 ε

1509 108 1588 151 291

1511 437 1596 479 535

1511 787 1598 831 540

1510 1138 1596 1183 545

1509 1494 1598 1538 550
1658 1464 1662 1468 ⁶

1511 1847 1597 1889 555

1508 2196 1598 2239 560

176 2552 204 2573 “
220 2551 313 2594 Nec
337 2565 424 2606 qua
447 2550 553 2592 meis
575 2554 668 2592 esto
691 2549 820 2592 dictis
842 2564 962 2591 mora
977 2576 994 2581 -
1010 2549 1190 2605 Jupiter
1210 2548 1290 2590 hac
1317 2553 1454 2601 stat-,
1516 2560 1520 2569 ’
1574 2578 1580 2586 .
