1757 2916
558 640 612 684 P.
654 638 915 682 VIRGILII
958 638 1218 684 MARONIS

451 778 1327 843 AENEIDOS

651 941 844 984 LIBER
876 939 1110 985 NONUS.

743 1083 1032 1099 *Μ-

172 1189 325 1245 Atque
347 1203 397 1231 ea
419 1188 588 1231 diversa
610 1185 787 1244 penitus
809 1188 916 1229 dum
939 1192 1062 1244 parte
1085 1192 1312 1244 geruntur,

172 1260 278 1303 Irim
302 1261 355 1303 de
378 1260 496 1303 coelo
519 1259 640 1302 misit
667 1259 873 1302 Saturnia
895 1258 1016 1301 Juno

172 1331 402 1374 Audacem
425 1331 481 1374 ad
506 1331 720 1373 Turnum.
786 1329 906 1371 Luco
929 1334 1030 1372 tum
1050 1329 1160 1372 forte
1183 1331 1381 1386 parentis

173 1402 370 1445 Pilumni
394 1402 569 1444 Turnus
592 1405 764 1443 sacrata
786 1400 899 1441 valle
922 1400 1113 1443 sedebat.

173 1473 247 1515 Ad
270 1487 402 1528 quem
427 1472 487 1514 sic
511 1485 630 1513 roseo
656 1469 980 1512 Thaumantias
1002 1484 1071 1512 ore
1093 1470 1242 1512 locuta
1266 1477 1332 1514 est
1354 1486 1363 1515 ε
1584 1484 1610 1515 ἑ)

174 1544 202 1566 “
223 1544 386 1599 Turne,
411 1543 528 1600 quod
551 1541 726 1599 optanti
749 1541 901 1584 divum
924 1541 1177 1597 promittere
1200 1532 1328 1584 nemo

174 1616 202 1637 “
220 1616 432 1671 Auderet7
457 1613 671 1657 volvenda
693 1613 801 1668 dies,
827 1626 896 1667 en,
920 1612 1079 1655 attulit
1101 1612 1230 1656 ultro.

174 1686 201 1708 ‘⁴
220 1686 407 1741 Aeneas,
431 1684 537 1727 urbe
560 1689 604 1727 et
627 1683 755 1727 sociis
778 1687 823 1725 et
845 1683 981 1726 classe
1003 1682 1172 1739 relicta,

175 1757 202 1779 ‘⁶
224 1757 409 1813 Sceptra
432 1754 634 1798 Palatini
656 1755 889 1810 sedemque
912 1753 1027 1810 petit
1049 1753 1246 1797 Evandri
1262 1768 1274 1808 3

176 1828 203 1850 ‘⁴
223 1828 318 1871 Nec
341 1827 475 1871 satis:
512 1831 733 1869 extremas
758 1825 943 1880 Corythi
964 1824 1214 1881 penetravit
1236 1825 1294 1867 ad
1317 1825 1458 1881 urbes,
1549 1826 1609 1869 10

177 1898 204 1920 “
223 1899 535 1954 Lydorumque
557 1910 740 1938 manum
763 1896 1052 1950 collectosque
1073 1900 1216 1937 armat
1238 1900 1446 1951 agrestes.

177 1968 204 1989 ‘⁶
221 1968 337 2022 Quid
354 1967 534 2010 dubitas
555 1967 575 2009 ,9
611 1965 743 2007 Nunc
762 1971 940 2020 tempus
957 1979 1103 2020 equos,
1120 1979 1237 2007 nunc
1256 1980 1429 2021 poscere
1447 1980 1609 2011 currus,

177 2039 204 2061 ‘⁶
225 2040 401 2095 Rumpe
424 2051 565 2080 moras
587 2051 735 2079 omnes
758 2041 802 2078 ct
825 2035 1008 2077 turbata
1030 2035 1171 2091 arripe
1195 2037 1378 2080 castra.’'

178 2110 327 2164 Dixit,
352 2114 396 2152 et
419 2108 466 2150 in
489 2107 660 2150 coelum
682 2107 858 2163 paribus
882 2121 926 2149 se
950 2107 1132 2149 sustulit
1156 2107 1249 2161 alis,

178 2182 500 2238 lugentemque
523 2178 628 2234 fuga
653 2178 790 2220 secuit
814 2178 895 2221 sub
917 2177 1109 2221 nubibus
1132 2193 1293 2222 arcum.
1556 2179 1612 2223 15

178 2251 375 2309 Agnovit
392 2249 581 2307 juvenis,
605 2249 888 2304 duplicesque
911 2250 968 2291 ad
991 2249 1134 2292 sidera
1156 2249 1327 2306 palmas

180 2322 373 2368 Sustulit
395 2336 444 2364 ac
469 2320 548 2362 tali
569 2319 814 2376 fugientem
838 2325 902 2362 est
927 2334 1027 2362 voce
1052 2325 1228 2363 secutus
1249 2334 1258 2364 :

181 2395 207 2416 ‘⁴
227 2394 302 2450 Iri,
327 2393 460 2436 decus
484 2391 604 2444 coeli,
629 2391 727 2446 quis
751 2395 794 2432 10
818 2390 927 2432 mihi
950 2391 1141 2434 nubibus
1163 2396 1312 2433 actam
1429 2385 1440 2416 1

183 2466 209 2488 ‘⁶
229 2465 408 2509 Detulit
430 2464 475 2506 in
499 2461 672 2506 terras?
708 2462 825 2504 unde
848 2461 954 2504 haec
978 2467 1073 2504 tam
1096 2461 1213 2504 clara
1235 2468 1414 2518 repente

183 2536 209 2558 ‘⁶
229 2536 491 2592 Tempestas
506 2534 527 2577 Ρ
595 2531 793 2574 Medium
817 2531 939 2574 video
961 2531 1182 2579 discedere
1204 2532 1390 2588 coelum,
1555 2532 1616 2575 20

182 2607 210 2629 “
229 2607 527 2662 Palantesquc
551 2603 648 2662 polo
672 2602 831 2645 stellas.
899 2601 1067 2658 Sequor
1087 2602 1236 2651 omina
1259 2607 1403 2657 tanta,
