1757 2916
182 113 242 155 40
689 126 918 156 AENmnos
950 126 1036 157 LIB.
1072 126 1118 156 11.

181 233 429 277 Juncturas
451 233 654 276 tabulata
678 234 859 290 dabant,
886 233 1172 277 convellimus
1195 233 1297 276 altis

184 306 371 350 Sedibus
394 305 766 362 impulimusque:
801 319 853 348 ea
873 306 998 362 lapsa
1020 310 1198 361 repente
1222 304 1397 347 ruinam
1531 302 1620 348 465

184 375 299 420 Cum
323 375 469 418 sonitu
486 375 625 418 trahit
648 381 692 418 et
718 375 927 418 Danaum
950 390 1081 432 super
1102 374 1280 432 agmina
1301 375 1392 417 late

183 446 361 490 Incidit.
426 446 513 489 Ast
536 446 612 489 alii
634 446 839 501 subeunt,
863 460 942 488 nec
965 461 1071 488 saxa
1092 460 1171 488 nec
1194 445 1338 487 ullum

187 518 393 560 Telorum
416 517 585 560 interca
607 522 746 560 cessat
770 532 919 574 genus.

186 589 474 631 Vestibulum
496 593 600 630 ante
621 589 767 644 ipsum
790 588 1018 645 primoque
1040 587 1087 629 in
1108 587 1260 629 limine
1283 586 1480 642 Pyrrhus

184 659 413 714 Exsultat,
438 658 537 700 telis
559 663 604 700 et
625 658 722 700 luce
745 672 948 700 coruscus
971 657 1137 700 ahena:
1534 654 1622 699 470

187 729 337 782 Qualis
361 728 437 770 ubi
458 728 504 769 in
525 728 671 770 lucem
693 728 867 770 coluber
888 728 1006 770 mala
1027 727 1226 783 gramina
1248 732 1419 783 pastus,

186 799 365 855 Frigida
384 799 464 841 sub
486 803 601 841 terra
623 798 850 841 tumidum
871 813 1005 855 quem
1025 799 1184 841 bruma
1206 798 1399 855 tegebat,

185 870 228 911 N
231 885 316 913 unc
340 869 493 926 positis
516 884 654 912 novus
676 869 844 912 exuviis
865 869 1119 926 nitidusque
1136 869 1339 926 juventa,

189 941 375 983 Lubrica
398 941 617 983 convolvit
640 940 815 983 sublato
840 946 1013 997 pectore
1035 946 1174 998 terga,

185 1012 363 1054 Arduus
386 1012 443 1054 ad
466 1012 613 1066 solem,
638 1016 682 1054 et
705 1011 870 1068 linguis
892 1011 1027 1054 micat
1051 1025 1122 1054 ore
1145 1011 1348 1055 trisulcis.
1534 1009 1622 1055 475

185 1082 292 1125 Una
314 1082 467 1139 ingens
491 1082 702 1139 Periphas
726 1088 770 1125 et
793 1097 1004 1138 equorum
1026 1083 1218 1139 agitator
1239 1082 1440 1138 Achillis,

185 1154 389 1211 Armiger
411 1154 706 1210 Automedon,
730 1170 819 1197 una
842 1154 984 1198 omnis
1014 1154 1162 1210 Scyria
1183 1155 1322 1211 pubes

187 1225 440 1268 Succedunt
466 1230 597 1281 tecto,
623 1231 667 1268 et
690 1225 892 1268 flammas
915 1226 971 1268 ad
993 1225 1187 1268 culmina
1203 1226 1391 1282 jactant.

188 1295 290 1351 Ipse
312 1296 426 1337 inter
449 1296 609 1352 primos
633 1301 833 1352 correpta
855 1296 964 1338 dura
985 1296 1169 1353 bipenni

187 1364 361 1408 Limina
384 1367 643 1423 perrumpit,
668 1372 900 1422 postesque
922 1381 948 1409 a
970 1366 1144 1409 cardine
1166 1367 1293 1409 vellit
1533 1367 1623 1409 480

189 1435 369 1478 Aeratos
385 1450 396 1490 ;
425 1436 605 1492 jamque
628 1436 771 1479 excisa
793 1437 916 1479 trabe
938 1437 1066 1479 firma
1088 1438 1260 1480 cavavit

206 1507 369 1562 Robora,
394 1512 439 1548 et
461 1507 688 1563 ingentem
709 1507 800 1549 lato
822 1507 944 1549 dedit
970 1522 1039 1549 ore
1060 1507 1308 1551 fenestram.

186 1576 386 1632 Apparet
409 1576 564 1618 domus
587 1576 722 1632 intus,
747 1581 791 1618 et
814 1576 928 1619 atria
950 1577 1080 1634 longa
1102 1582 1365 1634 patescunt3

185 1646 418 1703 Apparent
442 1646 609 1688 Priami
631 1652 675 1689 et
698 1652 898 1689 veterum
921 1647 1163 1703 penetralia
1185 1663 1351 1705 regum,
1578 1691 1581 1693 .

185 1717 482 1773 Armatosque
498 1717 650 1760 vident
674 1723 844 1760 stantes
858 1718 912 1763 in
934 1718 1085 1761 limine
1107 1719 1261 1776 primo.
1535 1719 1624 1764 485

185 1788 251 1830 At
273 1789 426 1830 domus
449 1787 624 1830 interior
645 1789 817 1845 gemitu
838 1790 1081 1845 miseroque
1104 1791 1307 1833 tumultu

187 1859 412 1914 Miscetur,
438 1858 701 1915 penitusque
723 1875 856 1902 cavae
878 1861 1159 1917 plangoribus
1183 1861 1310 1904 aedes

185 1929 222 1970 F
226 1928 405 1971 emineis
427 1929 621 1985 ululant,
644 1929 746 1972 ferit
768 1945 900 1972 aurea
923 1931 1063 1973 sidera
1085 1931 1276 1986 clamor;

188 1999 306 2042 Tum
328 1999 512 2056 pavidae
535 2000 666 2043 tectis
687 2006 850 2043 matres
872 2001 1124 2058 ingentibus
1147 2007 1308 2058 errant,

188 2071 524 2127 Amplexacquc
549 2076 699 2113 tenent
721 2077 867 2127 postes
889 2077 1024 2128 atque
1048 2073 1197 2115 oscula
1219 2073 1377 2130 figunt.
1533 2073 1622 2118 490

187 2142 334 2185 Instat
355 2142 400 2184 vi
422 2141 568 2198 patria
590 2141 784 2197 Pyrrhus
800 2155 812 2196 ;
846 2157 924 2185 nec
948 2143 1142 2185 claustra
1164 2158 1305 2200 neque
1327 2143 1414 2200 ipsi

166 2213 408 2327 {lustodes
431 2213 607 2256 sufferre
630 2214 799 2258 valent:
835 2214 958 2257 labat
980 2215 1113 2258 ariete
1136 2216 1280 2259 crebro

221 2299 350 2340 anua,
375 2289 420 2327 ct
443 2284 578 2327 emoti
601 2285 896 2342 procumbunt
920 2287 1092 2330 cardine
1116 2293 1273 2344 postes.

187 2355 264 2398 Fit
287 2355 357 2397 via
379 2355 422 2397 vi
442 2370 451 2399 :
487 2363 704 2413 rumpunt
727 2357 888 2413 aditus,
913 2358 1160 2415 primosque
1183 2360 1411 2402 trucidant

189 2426 381 2470 Immissi
406 2426 567 2482 Danai,
591 2432 636 2469 ct
657 2427 746 2469 late
768 2427 862 2470 loca
885 2428 1023 2470 milite
1046 2429 1281 2485 complent.
1531 2431 1620 2475 495

187 2496 288 2539 Non
311 2498 384 2553 sic,
409 2498 640 2554 aggeribus
662 2499 806 2555 ruptis
828 2514 965 2555 quum
987 2515 1195 2556 spumeus
1218 2501 1360 2544 amnis

187 2568 312 2611 Exiit
333 2569 642 2625 oppositasque
665 2569 795 2612 evicit
818 2570 993 2626 gurgite
1016 2571 1166 2626 moles,

374 2643 409 2678 0
