1757 2916
138 99 228 144 250
635 115 868 146 Armmnos
899 115 985 148 Lm.
1019 117 1083 149 xx,

137 221 184 265 It
205 221 452 279 lacrimans,
476 223 705 280 guttisque
727 224 961 268 humectat
982 226 1224 283 grandibus
1246 242 1332 271 ora.
1519 230 1577 274 90

137 293 331 337 Hastam
353 295 428 337 alii
449 295 706 352 galeamque
728 296 900 339 ferunt:
938 312 1043 340 nam
1066 304 1213 341 cetera
1237 299 1415 343 Turnus

137 365 291 410 Victor
312 367 455 411 habet.
493 367 612 410 Tum
634 374 804 410 maesta
826 367 1037 424 phalanx,
1059 370 1303 428 Teucrique
1328 377 1576 428 sequuntur

138 439 441 496 Tyrrhenique
465 454 614 482 ornnes
637 445 681 482 et
702 439 836 482 versis
859 439 1056 484 Arcades
1078 443 1220 487 armis.

138 511 382 567 Postquam
404 511 543 553 omnis
566 511 692 567 longe
715 511 931 553 comitum
953 519 1217 568 processerat
1246 515 1350 557 ordo
1369 529 1379 568 ;

139 582 351 626 Substitit
373 582 561 637 Aeneas,
586 582 843 639 gemituque
865 584 972 627 haec
996 586 1136 628 edidit
1160 587 1251 628 alto
1272 601 1282 631 :
1517 590 1573 632 95

137 653 165 675 ‘⁴
181 653 274 697 Nos
296 654 406 697 alias
427 654 528 696 hinc
551 655 608 697 ad
629 655 831 699 lacrimas
854 656 1008 699 eadem
1032 658 1206 700 horrida
1228 659 1333 701 belli

138 725 164 746 ‘⁶
181 725 299 768 Fata
320 731 503 770 vocant:
540 726 658 769 salve
679 733 908 771 aeternum
929 728 1052 784 mihi,
1071 729 1266 772 maxime
1289 729 1434 784 Palla,

137 796 164 817 “
182 797 516 854 Aeternumque
537 798 676 842 vale.'’
741 799 836 842 Nec
859 800 986 857 plura
1007 800 1183 857 effatus,
1208 802 1265 844 ad
1288 802 1403 845 altos

137 868 364 911 Tendebat
387 883 549 926 muros,
573 885 858 928 gressumque
880 872 927 914 in
950 878 1094 916 castra
1116 873 1297 917 ferebat.

226 938 420 995 Jamque
442 945 632 984 oratores
654 942 840 985 aderant
863 957 919 986 ex
939 943 1046 986 urbe
1069 943 1248 1001 Latina,
1486 946 1573 989 100

135 1009 290 1053 Velati
311 1011 445 1054 ramis
466 1012 585 1055 oleae
607 1013 868 1070 veniamque
891 1020 1108 1071 rogantes,

136 1080 340 1137 Corpora,
365 1096 444 1138 per
464 1096 640 1139 campos
661 1083 773 1126 ferro
797 1098 907 1140 quae
929 1085 1029 1128 fusa
1045 1084 1269 1142 jacebant,

135 1151 354 1194 Redderet
376 1167 427 1195 ac
450 1153 622 1196 tumulo
645 1153 805 1197 sineret
827 1157 1054 1198 succedere
1078 1162 1217 1199 terrae
1238 1171 1248 1201 :

135 1222 324 1265 Nullum
347 1238 451 1266 cum
472 1224 600 1267 victis
623 1231 845 1269 certamen
869 1232 913 1269 et
936 1227 1112 1270 aethere
1136 1229 1269 1272 cassis
1286 1244 1297 1283 ;

136 1293 340 1336 Parceret
362 1294 607 1351 hospitibus
630 1297 853 1352 quondam
876 1298 1114 1354 socerisque
1137 1299 1313 1344 vocatis.
1486 1301 1571 1345 105

137 1365 254 1417 Quos
278 1366 414 1408 bonus
437 1366 611 1410 Aeneas
633 1368 753 1411 haud
775 1371 1049 1425 aspernanda
1072 1376 1301 1426 precantes

136 1435 425 1492 Prosequitur
446 1437 574 1479 venia
596 1442 641 1480 et
664 1439 803 1482 verbis
825 1440 930 1482 haec
948 1440 1127 1497 insuper
1148 1442 1274 1484 addit
1296 1456 1305 1485 :

137 1506 164 1526 “
183 1507 411 1559 Quaenam
432 1523 506 1550 vos
528 1513 658 1552 tanto
675 1509 854 1553 fortuna
875 1510 1070 1568 indigna,
1095 1511 1262 1568 Latini,

136 1576 163 1597 ‘⁶
182 1577 414 1635 Implicuit
437 1580 565 1636 bello,
590 1581 667 1637 qui
689 1596 765 1625 nos
786 1582 968 1640 fugiatis
990 1584 1153 1627 amicos
1171 1586 1192 1627 Ρ

135 1648 163 1669 “
182 1649 346 1693 Pacem
369 1666 438 1693 me
462 1653 677 1697 exanimis
701 1659 746 1696 et
771 1653 926 1698 Martis
949 1660 1064 1698 sorte
1085 1655 1299 1712 peremtis
1484 1657 1572 1699 110

135 1721 162 1741 “
181 1721 327 1766 Oratis
347 1724 368 1766 P
434 1723 658 1780 Equidem
681 1731 725 1769 et
746 1726 857 1770 vivis
880 1728 1111 1770 concedere
1133 1728 1306 1771 vellem.

135 1792 163 1814 ⁴‘
184 1793 278 1836 Nec
301 1794 416 1850 veni,
440 1796 525 1839 nisi
545 1796 641 1839 fata
663 1797 809 1841 locum
831 1799 1065 1855 sedemque
1088 1799 1311 1843 dedissent
1332 1813 1343 1854 3

136 1865 163 1885 ‘⁴
179 1865 273 1908 Nec
294 1867 462 1909 bellum
485 1882 585 1910 cum
607 1875 739 1926 gente
762 1885 864 1926 gero
881 1884 892 1925 ;
927 1885 1004 1912 rex
1023 1876 1174 1913 nostra
1197 1871 1377 1927 reliquit

136 1935 162 1956 “
183 1935 391 1993 Hospitia
413 1943 457 1980 et
484 1938 625 1981 Turni
647 1939 795 1995 potius
818 1955 861 1983 se
884 1941 1069 1984 credidit
1092 1941 1235 1985 armis.

137 2006 379 2064 “Aequius
401 2009 503 2052 huic
529 2009 733 2053 Turnum
755 2012 900 2055 suerat
924 2027 967 2056 sc
990 2028 1206 2070 opponere
1228 2013 1370 2057 morti.
1483 2016 1570 2058 115

136 2076 164 2098 “
185 2077 232 2121 Si
253 2078 420 2121 bellum
443 2080 569 2123 finire
591 2079 749 2138 manu,
766 2082 802 2125 si
824 2083 983 2139 pellere
1007 2084 1200 2127 Teucros

136 2148 165 2170 “
181 2149 411 2206 Apparat:
447 2151 516 2193 liis
538 2166 714 2195 mecum
736 2154 885 2197 docuit
907 2169 1159 2198 concurrere
1181 2156 1280 2199 teli's
1301 2170 1312 2211 ;

136 2219 164 2241 “
182 2220 336 2276 Vixct,
361 2222 432 2264 cui
453 2222 594 2265 vitam
617 2224 724 2267 deus
747 2230 827 2268 aut
850 2241 930 2269 sua
952 2227 1109 2270 dextra
1130 2227 1335 2271 dedisset.

137 2290 166 2312 “
181 2291 225 2334 N
230 2307 314 2335 unc
336 2292 399 2335 ite
421 2299 466 2336 et
489 2295 655 2338 miseris
677 2298 913 2353 supponite
935 2299 1102 2343 civibus
1125 2299 1314 2357 ignem.''

135 2362 323 2406 Dixerat
346 2364 544 2421 Aeneas,
579 2367 654 2409 olli
677 2368 940 2425 obstupuere
964 2370 1156 2426 silentes,
1483 2373 1568 2414 120

136 2434 426 2493 Conversique
449 2438 594 2481 oculos
615 2439 729 2482 inter
751 2455 794 2482 sc
817 2447 950 2497 atque
973 2457 1045 2484 ora
1068 2442 1294 2500 tenebant,

136 2505 254 2546 Tum
278 2508 417 2549 senior
438 2523 694 2565 semperque
716 2511 823 2553 odiis
847 2518 890 2553 ct
913 2513 1094 2555 crimine
1118 2513 1312 2555 Drances

138 2575 342 2619 Insensus
359 2577 511 2634 juveni
536 2572 684 2623 Turno
707 2581 766 2624 sie
789 2597 859 2624 ore
883 2583 1074 2626 vicissim
