1731 2923
624 126 854 157 AENfflDos
888 130 973 161 Lm.
1010 132 1069 163 VI.
1482 131 1562 172 131

142 225 170 247 “
188 226 318 270 Nunc
337 243 405 270 me
427 229 590 273 fluctus
612 231 759 289 habet,
785 243 1046 293 versantque
1068 239 1114 282 in
1136 241 1262 284 litore
1284 245 1416 290 venti.

141 295 167 316 ‘⁴
185 297 309 349 Quod
332 304 376 340 te
399 314 476 355 per
497 301 600 343 00011
619 302 868 358 jucundum
890 307 1039 350 lumen
1062 315 1105 352 et
1128 325 1269 368 auras,

140 364 167 386 ‘⁴
186 366 271 408 Per
291 368 535 423 genitorem
557 385 640 426 oro,
665 388 742 429 per
764 389 861 431 spes
885 379 1101 434 surgentis
1125 380 1214 423 Iuli
1231 396 1242 436 ;

138 434 166 455 ‘⁶
184 436 317 493 Eripe
339 452 409 480 me
432 439 512 495 his,
537 441 712 498 invicte,
737 445 889 489 malis:
926 453 1006 490 aut
1029 454 1080 491 tu
1102 450 1210 493 mihi
1233 457 1393 496 terram
1477 458 1564 503 365

137 505 166 525 ‘⁶
184 506 537 566 Injice—namque
559 518 704 567 potes-
713 548 724 568 ,
751 521 991 573 portusque
1013 520 1180 575 require
1205 522 1382 567 Velinos
1402 540 1413 580 3

135 576 163 597 ‘⁴
178 578 274 621 Aut
298 585 362 635 tu,
388 581 423 623 si
445 596 532 637 qua
554 583 624 626 via
647 590 727 640 est,
753 585 789 628 si
811 601 946 642 quam
969 589 1053 632 tibi
1074 590 1175 634 diva
1198 595 1383 637 creatrix

134 647 161 668 “
181 648 551 708 Ostendit-neque
575 655 704 710 enim,
730 658 874 711 credo,
900 658 991 701 sine
1014 661 1192 704 numine
1215 664 1368 707 clivum

134 718 161 738 ‘⁴
175 719 385 764 Flumina
407 728 535 766 tanta
555 740 683 780 paras
707 726 994 784 Stygiamque
1015 730 1166 774 innare
1189 734 1419 790 paludem·
1427 771 1438 791 ,

133 789 160 810 ‘⁴
181 790 251 833 Da
273 792 475 836 dextram
496 795 664 852 misero,
689 802 734 840 et
758 804 907 842 tecum
932 815 1000 843 me
1024 802 1128 845 tolle
1150 818 1229 859 per
1250 807 1405 863 undas,
1470 808 1559 853 370

133 860 161 880 ‘⁴
182 861 367 906 Sedibus
392 869 443 906 ut
468 866 626 908 saltem
647 868 831 923 placidis
853 869 899 912 in
921 879 1060 914 morte
1083 874 1347 929 quiescam.’'

131 930 257 973 Talia
279 932 401 976 fatus
423 940 533 990 erat,
558 937 700 992 coepit
724 952 862 993 quum
885 940 992 982 talia
1013 947 1162 987 vates:

130 999 159 1021 “
179 1000 310 1044 Unde
333 1003 452 1059 haec,
479 1020 503 1046 0
526 1005 751 1063 Palinure,
778 1008 862 1051 tibi
884 1014 979 1052 tam
1001 1011 1095 1054 dira
1117 1013 1276 1069 cupido
1291 1017 1313 1059 P

129 1070 157 1091 ‘⁴
178 1071 249 1114 Tu
274 1073 449 1130 Stygias
472 1074 733 1120 inhumatus
756 1092 893 1134 aquas
915 1095 1180 1139 amnemque
1203 1100 1402 1130 severum

127 1141 473 1191 “Eumenidum
494 1146 722 1203 adspicies,
747 1149 944 1205 ripamve
966 1151 1158 1208 injussus
1180 1156 1323 1200 adibis
1337 1159 1358 1201 ?
1467 1158 1555 1205 375

127 1211 154 1232 ‘⁶
173 1213 334 1256 Desine
356 1215 450 1258 fata
472 1216 606 1259 deum
626 1218 745 1261 flecti
768 1234 938 1276 sperare
960 1225 1174 1279 precando
1190 1239 1202 1280 ;

126 1283 154 1304 ‘⁶
174 1285 258 1327 Sed
280 1300 386 1342 cape
410 1287 529 1330 dicta
551 1303 730 1345 memor,
755 1291 854 1334 duri
877 1293 1032 1336 solatia
1054 1310 1192 1340 casus.

125 1352 154 1373 ‘⁴
171 1353 289 1397 Nam
312 1361 391 1398 tua
412 1356 591 1401 finitimi
613 1359 739 1416 longe
762 1361 938 1419 lateque
961 1379 1039 1420 per
1060 1368 1200 1423 urbes,

124 1422 152 1443 ‘⁶
171 1422 386 1481 Prodigiis
407 1427 497 1469 acti
519 1428 792 1486 coelestibus,
813 1446 908 1474 ossa
929 1434 1130 1491 piabunt,

124 1494 151 1514 ‘⁶
170 1495 231 1537 Et
254 1500 454 1540 statuent
476 1500 719 1556 tumulum,
744 1507 788 1544 et
811 1505 982 1547 tumulo
1006 1506 1216 1550 solemnia
1239 1509 1439 1568 mittent,
1464 1514 1554 1557 380

124 1564 151 1585 ‘⁴
168 1566 502 1625 Aeternumque
523 1571 644 1614 locus
667 1571 866 1616 Palinuri
888 1590 1047 1618 nomen
1068 1577 1290 1623 habebit?

168 1635 251 1679 His
274 1637 403 1681 dictis
424 1653 553 1683 curae
575 1647 759 1698 emotae,
784 1644 1023 1701 pulsusque
1045 1662 1281 1705 parumper

120 1706 258 1749 Corde
280 1709 400 1752 dolor
421 1710 564 1755 tristi:
599 1713 764 1768 gaudet
786 1716 1039 1774 cognomine
1063 1723 1188 1763 terra.

209 1777 323 1835 Ergo
345 1780 429 1823 iter
449 1781 678 1839 inceptum
701 1792 930 1842 peragunt,
954 1788 1174 1845 fluvioque
1196 1793 1505 1850 propinquant.

119 1847 285 1891 Navita
307 1864 413 1906 quos
430 1851 524 1907 jam
546 1853 648 1896 inde
669 1860 721 1897 ut
746 1856 900 1913 Stygia
921 1861 1144 1916 prospexit
1167 1863 1223 1904 ab
1246 1865 1364 1907 unda
1459 1868 1547 1912 385

118 1918 204 1961 Per
224 1921 412 1964 tacitum
434 1938 590 1967 nemus
611 1925 672 1968 ire
694 1927 936 1984 pedemque
959 1930 1182 1974 advertere
1204 1933 1323 1990 ripae
1339 1949 1350 1990 ;

119 1989 189 2032 Sic
212 1991 326 2047 prior
347 1994 597 2050 aggreditur
619 1996 749 2039 dictis
772 2002 907 2054 atque
928 1999 1126 2057 increpat
1147 2003 1266 2046 ultro
1286 2019 1295 2048 :

117 2059 144 2080 “
164 2061 369 2118 Quisquis
391 2078 449 2119 es,
475 2072 669 2109 armatus
692 2068 769 2123 qui
791 2074 939 2112 nostra
962 2072 1018 2115 ad
1039 2073 1224 2117 fiumina
1247 2078 1404 2134 tendis,

118 2129 144 2148 ‘⁶
163 2130 275 2173 Fare
298 2147 391 2188 age,
417 2134 522 2189 quid
544 2136 707 2192 venias,
725 2137 821 2193 jam
841 2138 986 2196 istinc,
1011 2148 1055 2184 et
1079 2145 1315 2200 comprime
1336 2164 1542 2204 gressum.

117 2199 144 2219 ‘⁶
164 2200 434 2244 Umbrarum
457 2203 526 2246 1110
548 2205 668 2248 locus
691 2212 770 2262 est,
793 2208 944 2251 Somni
966 2211 1207 2268 Noctisque
1230 2229 1432 2270 soporae:
1457 2221 1544 2262 390

117 2269 144 2290 ‘·'
162 2269 350 2327 Corpora
370 2272 470 2315 viva
492 2275 613 2317 nefas
638 2276 793 2332 Stygia
815 2285 986 2321 vectare
1008 2282 1164 2326 carina.

116 2339 145 2360 ‘⁶
166 2341 260 2384 Nec
281 2356 381 2385 vero
405 2343 593 2387 Alciden
614 2361 682 2388 me
707 2362 803 2389 sum
825 2349 1019 2393 laetatus
1042 2358 1222 2395 euntem

116 2410 144 2431 ‘⁶
159 2411 393 2469 Accepisse
415 2414 527 2471 lacu,
552 2431 630 2458 1100
656 2417 824 2460 Thesea
847 2419 1197 2479 Pirithoumque,

115 2479 143 2502 “
163 2480 244 2524 Dis
265 2497 536 2540 quamquam
558 2487 696 2542 geniti
717 2493 852 2543 atque
874 2489 1028 2534 invicti
1049 2493 1213 2536 viribus
1236 2501 1390 2540 essent.

116 2550 140 2572 “
164 2552 424 2597 Tartamum
448 2556 520 2598 ille
543 2572 678 2600 manu
701 2560 928 2602 custodem
950 2561 995 2603 in
1020 2562 1162 2605 vinela
1184 2565 1342 2620 petivit
1456 2569 1542 2613 395
