1731 2923
605 132 837 165 AENEIDos
870 132 955 162 Lm.
991 132 1018 161 1.
1501 111 1530 160 7

1229 160 1257 177 Q

189 247 367 292 Interea
389 258 549 301 magno
573 241 746 286 misceri
766 254 991 289 murmure
1014 242 1216 295 pontum,

98 315 410 374 Emissamque
432 317 622 359 hiemem
646 313 782 358 sensit
805 312 1044 368 Neptunus
1068 315 1112 352 et
1136 309 1234 352 imis
1449 307 1534 350 125

102 391 272 448 Stagna
294 389 440 432 refusa
460 386 597 440 vadis,
621 384 812 442 graviter
833 387 1077 425 commotus
1097 394 1107 434 3
1144 385 1187 422 et
1212 379 1301 421 alto

103 461 389 518 Prospiciens,
414 472 589 502 summa
612 455 836 513 placidum
860 457 996 509 caput
1020 450 1183 493 extulit
1205 450 1335 492 unda.
1367 489 1370 493 .

105 531 350 588 Disjectam
365 526 551 573 'Aeneae
574 533 668 571 toto
690 526 811 569 videt
835 537 1020 580 aequore
1043 523 1236 576 classem,

104 603 339 646 Fluctibus
362 614 587 658 oppressos
611 599 745 641 Troas
767 596 962 651 coelique
984 594 1110 637 ruina
1130 607 1141 647 ;

107 674 197 716 Nec
221 674 393 716 latuere
417 671 505 714 doli
527 670 708 712 fratrem
729 666 919 711 {Iunonis
942 670 987 707 et
1009 664 1106 708 irae.
1453 659 1540 702 130

107 745 280 788 Eurum
303 744 360 786 ad
383 757 427 786 se
450 741 788 798 Zephyrumque
810 742 950 792 vocat,
975 735 1131 778 dehinc
1155 734 1263 776 talia
1283 732 1404 775 fatur
1423 745 1433 776 :

109 815 137 838 “
157 816 359 858 Tantane
382 828 458 856 vos
480 811 648 869 generis
670 810 814 854 tenuit
835 808 997 851 fiducia
1019 805 1152 849 vestri
1172 807 1192 848 Ρ

110 887 137 908 “
157 886 190 930 J
193 901 266 928 am
288 885 459 928 coelum
481 889 736 937 terramque
757 895 853 922 meo
876 871 967 921 sine
989 877 1185 932 numine,
1208 875 1362 930 Venti,

110 952 141 980 ‘⁶
158 957 410 1003 Miscerect
434 959 587 996 tantas
609 951 783 995 audetis
805 950 954 993 tollere
975 948 1111 990 moles
1130 949 1151 991 ?

112 1030 139 1051 “
159 1029 276 1083 Quos
293 1042 432 1084 ego—
449 1029 458 1070 l
496 1024 583 1068 Sed
598 1027 742 1065 motos
759 1024 959 1079 praestat
977 1031 1232 1074 componere
1249 1016 1411 1058 fluctus
1429 1028 1439 1069 3
1459 1014 1545 1057 135

113 1101 140 1122 “
159 1101 267 1143 Post
289 1098 399 1141 mihi
421 1111 508 1139 non
531 1094 664 1139 simili
687 1107 826 1150 poena
849 1089 1081 1134 commissa
1102 1087 1243 1131 luetis.

115 1173 143 1194 ‘⁶
161 1172 387 1214 Maturate
409 1168 575 1225 fugam,
599 1165 778 1223 regique
799 1164 907 1206 haec
931 1161 1065 1205 dicite
1086 1164 1246 1214 vestro,

115 1243 143 1265 ‘⁶
161 1243 261 1286 Non
283 1241 348 1284 illi
368 1238 602 1296 imperium
624 1235 771 1294 pelagi
793 1246 1062 1289 saevumque
1084 1231 1338 1284 tridentem,

117 1314 145 1336 ‘⁶
166 1314 251 1358 Sed
272 1311 384 1355 mihi
406 1315 522 1354 sorte
545 1309 715 1353 datum.
782 1306 924 1349 Tenet
945 1304 1019 1347 ille
1041 1301 1254 1345 immania
1277 1314 1398 1354 saxa,

117 1385 144 1407 ‘⁴
165 1384 359 1438 Vestras,
383 1382 517 1436 Eure,
541 1381 721 1423 domos:
756 1377 833 1420 illa
857 1391 900 1419 se
917 1375 1059 1432 jactet
1081 1374 1128 1416 in
1149 1372 1252 1415 aula
1465 1366 1551 1410 140

119 1455 148 1477 ‘⁶
166 1455 344 1510 Aeolus,
368 1458 413 1496 et
434 1453 581 1495 clauso
602 1455 833 1492 ventorum
855 1460 1023 1490 carcere
1046 1432 1210 1501 regnet.
1214 1443 1238 1461 '²
1293 1495 1295 1497 q

120 1527 191 1572 Sic
213 1526 290 1582 ait,
315 1531 360 1568 et
382 1524 500 1567 dicto
523 1522 653 1565 citius
675 1520 849 1563 tumida
870 1531 1060 1573 aequora
1083 1516 1278 1572 placat

121 1596 427 1651 Collectasque
448 1593 577 1649 fugat
599 1591 736 1633 nubes
758 1589 977 1643 solemque
999 1583 1181 1628 reducit.

122 1666 368 1724 Cymothoe
393 1663 533 1710 simul
546 1666 590 1704 et
615 1660 772 1703 Triton
794 1656 983 1701 annixus
1005 1658 1134 1698 acuto

125 1737 383 1781 Detrudunt
404 1747 537 1777 naves
560 1731 768 1788 scopulo,
801 1727 955 1770 levat
943 1740 1035 1783 ipse
1059 1722 1255 1778 tridenti,
1470 1718 1556 1763 145

122 1808 185 1851 Et
208 1812 353 1849 vastas
374 1803 515 1861 aperit
540 1802 703 1858 Syrtes,
729 1805 774 1843 et
795 1801 1016 1855 temperat
1040 1808 1216 1850 aequor,

124 1879 275 1936 Atque
298 1876 402 1920 rotis
425 1888 619 1918 summas
640 1871 812 1915 levibus
832 1861 1075 1927 perlabitur
1094 1865 1246 1908 undas.

125 1950 194 1994 Ac
215 1947 356 1992 veluti
376 1959 538 2003 magno
558 1944 605 1987 in
626 1942 789 2001 populo
812 1954 953 1998 quum
975 1952 1102 1994 saepe
1125 1939 1274 1980 coorta
1296 1938 1362 1976 est

129 2020 309 2076 Seditio,
333 2018 558 2074 saevitque
580 2014 738 2058 animis
759 2011 950 2070 ignobile
967 2010 1139 2066 vulgus,

129 2094 321 2148 Jamque
344 2090 458 2133 faces
482 2093 526 2131 et
549 2101 654 2131 saxa
676 2086 841 2139 volant,
864 2083 984 2126 furor
1005 2095 1127 2123 arma
1147 2077 1374 2121 ministrat
1396 2090 1407 2131 3
1473 2075 1560 2119 150

131 2165 264 2220 Tum,
288 2162 456 2219 pietate
479 2172 657 2216 gravem
679 2170 729 2199 ac
752 2154 919 2197 meritis
942 2153 978 2196 si
998 2152 1110 2195 forte
1133 2149 1278 2191 virum
1299 2161 1432 2203 quem

133 2236 422 2291 Conspexere,
448 2231 579 2273 silent
602 2226 866 2282 arrectisque
888 2223 1066 2267 auribus
1089 2222 1284 2274 adstant,

134 2306 217 2349 Ille
238 2303 351 2361 regit
375 2300 508 2345 dictis
530 2299 713 2352 animos,
738 2302 782 2339 et
804 2300 982 2352 pectora
1003 2292 1170 2334 mulcet
1194 2303 1204 2333 :

137 2377 207 2421 Sic
230 2378 418 2418 cunctus
438 2369 584 2428 pelagi
606 2367 763 2411 cecidit
785 2366 939 2422 fragor,
964 2375 1152 2418 aequora
1172 2364 1411 2416 postquam

138 2444 412 2502 Prospiciens
435 2441 619 2499 genitor,
644 2438 848 2493 coeloque
871 2435 1072 2477 invectus
1094 2435 1262 2487 apertO,
1483 2428 1571 2471 155

140 2518 299 2561 Flectit
315 2528 465 2572 eqUOS,
478 2523 695 2567 curruque
717 2508 867 2551 volans
889 2504 1000 2549 dat
989 2517 1081 2547 rora
1104 2501 1307 2545 secundo.
1327 2540 1364 2579 ⁴(-

232 2585 405 2631 Defessi
426 2582 675 2637 Aeneadae,
698 2593 812 2636 quae
834 2575 1038 2635 proxima
1057 2573 1203 2628 litora,
1227 2584 1359 2614 cursu
