<?xml version="1.0" encoding="UTF-8"?>
<!DOCTYPE html PUBLIC "-//W3C//DTD XHTML 1.0 Transitional//EN"
    "http://www.w3.org/TR/xhtml1/DTD/xhtml1-transitional.dtd">
<html xmlns="http://www.w3.org/1999/xhtml" xml:lang="en" lang="en">
 <head>
  <title>
</title>
<meta http-equiv="Content-Type" content="text/html;charset=utf-8" />
  <meta name='ocr-system' content='tesseract 3.04.00' />
  <meta name='ocr-capabilities' content='ocr_page ocr_carea ocr_par ocr_line ocrx_word'/>
</head>
<body>
  <div class='ocr_page' id='page_1' title='image "aeneidfri00virguoft_0077.png"; bbox 0 0 1731 2923; ppageno 0'>
   <div class='ocr_carea' id='block_1_1' title="bbox 568 173 1517 216">
    <p class='ocr_par' dir='ltr' id='par_1_1' title="bbox 568 173 1517 216">
     <span class='ocr_line' id='line_1_1' title="bbox 568 173 1517 216; baseline 0.011 -10"><span class='ocrx_word' id='word_1_1' title='bbox 568 177 799 208; x_wconf 76' lang='lat' dir='ltr'><strong>AENEmos</strong></span> <span class='ocrx_word' id='word_1_2' title='bbox 832 179 918 211; x_wconf 86' lang='lat' dir='ltr'>LIB.</span> <span class='ocrx_word' id='word_1_3' title='bbox 955 181 1020 211; x_wconf 87' lang='lat'>111.</span> <span class='ocrx_word' id='word_1_4' title='bbox 1464 173 1517 216; x_wconf 88' lang='lat'><strong>51</strong></span> 
     </span>
    </p>
   </div>
   <div class='ocr_carea' id='block_1_2' title="bbox 67 281 1518 2673">
    <p class='ocr_par' dir='ltr' id='par_1_2' title="bbox 81 281 1191 342">
     <span class='ocr_line' id='line_1_2' title="bbox 81 281 1191 342; baseline 0.005 -17"><span class='ocrx_word' id='word_1_5' title='bbox 81 281 216 326; x_wconf 86' lang='lat' dir='ltr'><strong>Forte</strong></span> <span class='ocrx_word' id='word_1_6' title='bbox 237 282 324 326; x_wconf 86' lang='lat' dir='ltr'><strong>fuit</strong></span> <span class='ocrx_word' id='word_1_7' title='bbox 340 283 474 340; x_wconf 80' lang='lat' dir='ltr'><strong>juxta</strong></span> <span class='ocrx_word' id='word_1_8' title='bbox 495 286 710 342; x_wconf 77' lang='lat' dir='ltr'><strong>tumulus,</strong></span> <span class='ocrx_word' id='word_1_9' title='bbox 735 300 821 342; x_wconf 89' lang='lat' dir='ltr'><strong>quo</strong></span> <span class='ocrx_word' id='word_1_10' title='bbox 844 302 998 330; x_wconf 89' lang='lat' dir='ltr'><strong>cornea</strong></span> <span class='ocrx_word' id='word_1_11' title='bbox 1022 302 1191 331; x_wconf 88' lang='lat' dir='ltr'><strong>summo</strong></span> 
     </span>
    </p>

    <p class='ocr_par' dir='ltr' id='par_1_3' title="bbox 81 353 1183 415">
     <span class='ocr_line' id='line_1_3' title="bbox 81 353 1183 415; baseline 0.006 -19"><span class='ocrx_word' id='word_1_12' title='bbox 81 353 289 411; x_wconf 87' lang='lat' dir='ltr'><strong>Virgulta</strong></span> <span class='ocrx_word' id='word_1_13' title='bbox 310 360 355 398; x_wconf 91' lang='lat' dir='ltr'><strong>et</strong></span> <span class='ocrx_word' id='word_1_14' title='bbox 377 356 522 399; x_wconf 90' lang='lat' dir='ltr'><strong>densis</strong></span> <span class='ocrx_word' id='word_1_15' title='bbox 543 357 780 401; x_wconf 88' lang='lat' dir='ltr'><strong>hastilibus</strong></span> <span class='ocrx_word' id='word_1_16' title='bbox 803 360 976 402; x_wconf 81' lang='lat' dir='ltr'><strong>horrida</strong></span> <span class='ocrx_word' id='word_1_17' title='bbox 1001 367 1183 415; x_wconf 70' lang='lat' dir='ltr'><strong>myrtus.</strong></span> 
     </span>
    </p>

    <p class='ocr_par' dir='ltr' id='par_1_4' title="bbox 80 426 1242 485">
     <span class='ocr_line' id='line_1_4' title="bbox 80 426 1242 485; baseline 0.005 -16"><span class='ocrx_word' id='word_1_18' title='bbox 80 426 272 484; x_wconf 78' lang='lat' dir='ltr'>Accessi,</span> <span class='ocrx_word' id='word_1_19' title='bbox 297 428 567 485; x_wconf 81' lang='lat' dir='ltr'>viridemque</span> <span class='ocrx_word' id='word_1_20' title='bbox 590 430 645 472; x_wconf 90' lang='lat' dir='ltr'><strong>ab</strong></span> <span class='ocrx_word' id='word_1_21' title='bbox 668 431 803 474; x_wconf 88' lang='lat' dir='ltr'><strong>humo</strong></span> <span class='ocrx_word' id='word_1_22' title='bbox 826 433 1062 474; x_wconf 60' lang='lat' dir='ltr'><strong>convelle-re</strong></span> <span class='ocrx_word' id='word_1_23' title='bbox 1087 433 1242 475; x_wconf 82' lang='lat' dir='ltr'><strong>silvam</strong></span> 
     </span>
    </p>

    <p class='ocr_par' dir='ltr' id='par_1_5' title="bbox 81 496 1518 618">
     <span class='ocr_line' id='line_1_5' title="bbox 81 496 1518 559; baseline 0.006 -19"><span class='ocrx_word' id='word_1_24' title='bbox 81 496 292 553; x_wconf 62' lang='lat' dir='ltr'><strong>conatus,</strong></span> <span class='ocrx_word' id='word_1_25' title='bbox 316 499 449 542; x_wconf 90' lang='lat' dir='ltr'><strong>ramis</strong></span> <span class='ocrx_word' id='word_1_26' title='bbox 472 505 665 557; x_wconf 90' lang='lat' dir='ltr'><strong>tegerem</strong></span> <span class='ocrx_word' id='word_1_27' title='bbox 688 507 740 543; x_wconf 90' lang='lat' dir='ltr'><strong>ut</strong></span> <span class='ocrx_word' id='word_1_28' title='bbox 761 502 1066 545; x_wconf 76' lang='lat' dir='ltr'><strong>frondentibus</strong></span> <span class='ocrx_word' id='word_1_29' title='bbox 1089 519 1199 559; x_wconf 77' lang='lat' dir='ltr'><strong>aras,</strong></span> <span class='ocrx_word' id='word_1_30' title='bbox 1460 506 1518 550; x_wconf 75' lang='lat'><strong>25</strong></span> 
     </span>
     <span class='ocr_line' id='line_1_6' title="bbox 82 566 1228 618; baseline 0.008 -10"><span class='ocrx_word' id='word_1_31' title='bbox 82 566 365 610; x_wconf 86' lang='lat' dir='ltr'><strong>Horrendum</strong></span> <span class='ocrx_word' id='word_1_32' title='bbox 388 574 432 611; x_wconf 86' lang='lat' dir='ltr'><strong>et</strong></span> <span class='ocrx_word' id='word_1_33' title='bbox 455 569 578 613; x_wconf 91' lang='lat' dir='ltr'><strong>dictu</strong></span> <span class='ocrx_word' id='word_1_34' title='bbox 601 571 725 614; x_wconf 89' lang='lat' dir='ltr'><strong>video</strong></span> <span class='ocrx_word' id='word_1_35' title='bbox 748 572 945 615; x_wconf 87' lang='lat' dir='ltr'><strong>mirabile</strong></span> <span class='ocrx_word' id='word_1_36' title='bbox 969 579 1228 618; x_wconf 87' lang='lat' dir='ltr'><strong>monstrum.</strong></span> 
     </span>
    </p>

    <p class='ocr_par' dir='ltr' id='par_1_6' title="bbox 80 637 1155 699">
     <span class='ocr_line' id='line_1_7' title="bbox 80 637 1155 699; baseline 0.009 -20"><span class='ocrx_word' id='word_1_37' title='bbox 80 637 197 680; x_wconf 90' lang='lat' dir='ltr'><strong>Nam</strong></span> <span class='ocrx_word' id='word_1_38' title='bbox 220 653 332 694; x_wconf 90' lang='lat' dir='ltr'><strong>quae</strong></span> <span class='ocrx_word' id='word_1_39' title='bbox 355 640 497 696; x_wconf 87' lang='lat' dir='ltr'><strong>prima</strong></span> <span class='ocrx_word' id='word_1_40' title='bbox 520 642 606 685; x_wconf 89' lang='lat' dir='ltr'><strong>solo</strong></span> <span class='ocrx_word' id='word_1_41' title='bbox 629 644 771 699; x_wconf 85' lang='lat' dir='ltr'><strong>ruptis</strong></span> <span class='ocrx_word' id='word_1_42' title='bbox 792 645 1010 689; x_wconf 75' lang='lat' dir='ltr'>radicibus</span> <span class='ocrx_word' id='word_1_43' title='bbox 1032 647 1155 689; x_wconf 90' lang='lat' dir='ltr'><strong>arbos</strong></span> 
     </span>
    </p>

    <p class='ocr_par' dir='ltr' id='par_1_7' title="bbox 80 708 1213 774">
     <span class='ocr_line' id='line_1_8' title="bbox 80 708 1213 774; baseline 0.009 -24"><span class='ocrx_word' id='word_1_44' title='bbox 80 708 285 765; x_wconf 83' lang='lat' dir='ltr'><strong>Vellitur,</strong></span> <span class='ocrx_word' id='word_1_45' title='bbox 311 711 414 754; x_wconf 88' lang='lat' dir='ltr'><strong>huic</strong></span> <span class='ocrx_word' id='word_1_46' title='bbox 437 717 531 755; x_wconf 88' lang='lat' dir='ltr'><strong>atro</strong></span> <span class='ocrx_word' id='word_1_47' title='bbox 554 714 787 769; x_wconf 89' lang='lat' dir='ltr'><strong>liquuntur</strong></span> <span class='ocrx_word' id='word_1_48' title='bbox 809 717 1019 772; x_wconf 86' lang='lat' dir='ltr'><strong>sanguine</strong></span> <span class='ocrx_word' id='word_1_49' title='bbox 1043 723 1213 774; x_wconf 81' lang='lat' dir='ltr'><strong>guttae,</strong></span> 
     </span>
    </p>

    <p class='ocr_par' dir='ltr' id='par_1_8' title="bbox 78 778 1264 844">
     <span class='ocr_line' id='line_1_9' title="bbox 78 778 1264 844; baseline 0.011 -25"><span class='ocrx_word' id='word_1_50' title='bbox 78 778 139 820; x_wconf 89' lang='lat' dir='ltr'><strong>Et</strong></span> <span class='ocrx_word' id='word_1_51' title='bbox 164 784 326 822; x_wconf 88' lang='lat' dir='ltr'><strong>terram</strong></span> <span class='ocrx_word' id='word_1_52' title='bbox 349 782 452 825; x_wconf 88' lang='lat' dir='ltr'><strong>tabo</strong></span> <span class='ocrx_word' id='word_1_53' title='bbox 475 784 714 828; x_wconf 82' lang='lat' dir='ltr'><strong>maculant.</strong></span> <span class='ocrx_word' id='word_1_54' title='bbox 781 786 892 828; x_wconf 84' lang='lat' dir='ltr'>Mihi</span> <span class='ocrx_word' id='word_1_55' title='bbox 913 786 1094 844; x_wconf 84' lang='lat' dir='ltr'><strong>frigidus</strong></span> <span class='ocrx_word' id='word_1_56' title='bbox 1116 789 1264 832; x_wconf 86' lang='lat' dir='ltr'><strong>horror</strong></span> 
     </span>
    </p>

    <p class='ocr_par' dir='ltr' id='par_1_9' title="bbox 76 848 1514 971">
     <span class='ocr_line' id='line_1_10' title="bbox 79 848 1514 917; baseline 0.011 -27"><span class='ocrx_word' id='word_1_57' title='bbox 79 848 278 892; x_wconf 87' lang='lat' dir='ltr'><strong>Membra</strong></span> <span class='ocrx_word' id='word_1_58' title='bbox 301 852 462 908; x_wconf 76' lang='lat' dir='ltr'><strong>quatit,</strong></span> <span class='ocrx_word' id='word_1_59' title='bbox 486 853 743 910; x_wconf 89' lang='lat' dir='ltr'><strong>gelidusque</strong></span> <span class='ocrx_word' id='word_1_60' title='bbox 766 856 853 898; x_wconf 88' lang='lat' dir='ltr'><strong>coit</strong></span> <span class='ocrx_word' id='word_1_61' title='bbox 874 857 1104 901; x_wconf 83' lang='lat' dir='ltr'><strong>formidine</strong></span> <span class='ocrx_word' id='word_1_62' title='bbox 1128 860 1316 917; x_wconf 89' lang='lat' dir='ltr'><strong>sanguis.</strong></span> <span class='ocrx_word' id='word_1_63' title='bbox 1456 864 1514 906; x_wconf 86' lang='lat'><strong>30</strong></span> 
     </span>
     <span class='ocr_line' id='line_1_11' title="bbox 76 918 1137 971; baseline 0.009 -10"><span class='ocrx_word' id='word_1_64' title='bbox 76 918 247 963; x_wconf 85' lang='lat' dir='ltr'><strong>Rursus</strong></span> <span class='ocrx_word' id='word_1_65' title='bbox 269 926 313 963; x_wconf 87' lang='lat' dir='ltr'><strong>et</strong></span> <span class='ocrx_word' id='word_1_66' title='bbox 336 922 516 965; x_wconf 88' lang='lat' dir='ltr'><strong>alterius</strong></span> <span class='ocrx_word' id='word_1_67' title='bbox 537 923 712 967; x_wconf 88' lang='lat' dir='ltr'><strong>lentum</strong></span> <span class='ocrx_word' id='word_1_68' title='bbox 734 927 970 969; x_wconf 89' lang='lat' dir='ltr'><strong>convellere</strong></span> <span class='ocrx_word' id='word_1_69' title='bbox 991 929 1137 971; x_wconf 82' lang='lat' dir='ltr'><strong>vimen</strong></span> 
     </span>
    </p>

    <p class='ocr_par' dir='ltr' id='par_1_10' title="bbox 74 989 1187 1054">
     <span class='ocr_line' id='line_1_12' title="bbox 74 989 1187 1054; baseline 0.009 -23"><span class='ocrx_word' id='word_1_70' title='bbox 74 989 300 1046; x_wconf 76' lang='lat' dir='ltr'><strong>Insequor,</strong></span> <span class='ocrx_word' id='word_1_71' title='bbox 325 996 370 1034; x_wconf 90' lang='lat' dir='ltr'><strong>et</strong></span> <span class='ocrx_word' id='word_1_72' title='bbox 394 1007 546 1035; x_wconf 83' lang='lat' dir='ltr'><strong>causas</strong></span> <span class='ocrx_word' id='word_1_73' title='bbox 568 993 748 1050; x_wconf 89' lang='lat' dir='ltr'><strong>penitus</strong></span> <span class='ocrx_word' id='word_1_74' title='bbox 771 1000 944 1039; x_wconf 87' lang='lat' dir='ltr'><strong>tentare</strong></span> <span class='ocrx_word' id='word_1_75' title='bbox 968 997 1187 1054; x_wconf 80' lang='lat' dir='ltr'><strong>latentes3</strong></span> 
     </span>
    </p>

    <p class='ocr_par' dir='ltr' id='par_1_11' title="bbox 74 1060 1167 1125">
     <span class='ocr_line' id='line_1_13' title="bbox 74 1060 1167 1125; baseline 0.009 -23"><span class='ocrx_word' id='word_1_76' title='bbox 74 1060 186 1103; x_wconf 89' lang='lat' dir='ltr'><strong>Ater</strong></span> <span class='ocrx_word' id='word_1_77' title='bbox 216 1066 261 1103; x_wconf 90' lang='lat' dir='ltr'><strong>et</strong></span> <span class='ocrx_word' id='word_1_78' title='bbox 294 1062 476 1106; x_wconf 89' lang='lat' dir='ltr'><strong>alterius</strong></span> <span class='ocrx_word' id='word_1_79' title='bbox 498 1064 699 1120; x_wconf 88' lang='lat' dir='ltr'><strong>sequitur</strong></span> <span class='ocrx_word' id='word_1_80' title='bbox 720 1065 773 1108; x_wconf 89' lang='lat' dir='ltr'><strong>de</strong></span> <span class='ocrx_word' id='word_1_81' title='bbox 797 1067 954 1109; x_wconf 89' lang='lat' dir='ltr'><strong>cortice</strong></span> <span class='ocrx_word' id='word_1_82' title='bbox 979 1070 1167 1125; x_wconf 88' lang='lat' dir='ltr'><strong>sanguis.</strong></span> 
     </span>
    </p>

    <p class='ocr_par' dir='ltr' id='par_1_12' title="bbox 73 1132 1510 1337">
     <span class='ocr_line' id='line_1_14' title="bbox 73 1132 1331 1199; baseline 0.009 -25"><span class='ocrx_word' id='word_1_83' title='bbox 73 1132 222 1175; x_wconf 88' lang='lat' dir='ltr'><strong>Multa</strong></span> <span class='ocrx_word' id='word_1_84' title='bbox 243 1148 420 1177; x_wconf 86' lang='lat' dir='ltr'><strong>movens</strong></span> <span class='ocrx_word' id='word_1_85' title='bbox 443 1135 603 1192; x_wconf 79' lang='lat' dir='ltr'><strong>animo,</strong></span> <span class='ocrx_word' id='word_1_86' title='bbox 628 1136 861 1194; x_wconf 83' lang='lat' dir='ltr'><strong>Nymphas</strong></span> <span class='ocrx_word' id='word_1_87' title='bbox 882 1141 1120 1183; x_wconf 87' lang='lat' dir='ltr'><strong>venerabar</strong></span> <span class='ocrx_word' id='word_1_88' title='bbox 1140 1147 1331 1199; x_wconf 73' lang='lat' dir='ltr'><strong>agrestes</strong></span> 
     </span>
     <span class='ocr_line' id='line_1_15' title="bbox 74 1203 1510 1269; baseline 0.009 -24"><span class='ocrx_word' id='word_1_89' title='bbox 74 1203 406 1261; x_wconf 79' lang='lat' dir='ltr'><strong>Gradivumque</strong></span> <span class='ocrx_word' id='word_1_90' title='bbox 429 1211 614 1262; x_wconf 83' lang='lat' dir='ltr'><strong>patrem,</strong></span> <span class='ocrx_word' id='word_1_91' title='bbox 641 1207 809 1252; x_wconf 81' lang='lat' dir='ltr'><strong>Geticis</strong></span> <span class='ocrx_word' id='word_1_92' title='bbox 833 1209 909 1265; x_wconf 91' lang='lat' dir='ltr'><strong>qui</strong></span> <span class='ocrx_word' id='word_1_93' title='bbox 931 1211 1148 1267; x_wconf 71' lang='lat' dir='ltr'><strong>praesidet</strong></span> <span class='ocrx_word' id='word_1_94' title='bbox 1170 1213 1297 1269; x_wconf 80' lang='lat' dir='ltr'><strong>arvis,</strong></span> <span class='ocrx_word' id='word_1_95' title='bbox 1453 1216 1510 1259; x_wconf 87' lang='lat'><strong>35</strong></span> 
     </span>
     <span class='ocr_line' id='line_1_16' title="bbox 76 1275 1100 1337; baseline 0.009 -20"><span class='ocrx_word' id='word_1_96' title='bbox 76 1275 179 1318; x_wconf 85' lang='lat' dir='ltr'><strong>Rite</strong></span> <span class='ocrx_word' id='word_1_97' title='bbox 203 1278 493 1320; x_wconf 83' lang='lat' dir='ltr'><strong>secundarent</strong></span> <span class='ocrx_word' id='word_1_98' title='bbox 516 1279 634 1322; x_wconf 88' lang='lat' dir='ltr'><strong>visus</strong></span> <span class='ocrx_word' id='word_1_99' title='bbox 657 1295 870 1337; x_wconf 89' lang='lat' dir='ltr'><strong>omenque</strong></span> <span class='ocrx_word' id='word_1_100' title='bbox 893 1282 1100 1327; x_wconf 85' lang='lat' dir='ltr'><strong>levarent.</strong></span> 
     </span>
    </p>

    <p class='ocr_par' dir='ltr' id='par_1_13' title="bbox 74 1346 1087 1406">
     <span class='ocr_line' id='line_1_17' title="bbox 74 1346 1087 1406; baseline 0.008 -17"><span class='ocrx_word' id='word_1_101' title='bbox 74 1346 226 1390; x_wconf 86' lang='lat' dir='ltr'><strong>Tertia</strong></span> <span class='ocrx_word' id='word_1_102' title='bbox 249 1349 323 1391; x_wconf 88' lang='lat' dir='ltr'><strong>sed</strong></span> <span class='ocrx_word' id='word_1_103' title='bbox 345 1355 583 1406; x_wconf 82' lang='lat' dir='ltr'><strong>postquam</strong></span> <span class='ocrx_word' id='word_1_104' title='bbox 605 1351 765 1406; x_wconf 86' lang='lat' dir='ltr'><strong>majore</strong></span> <span class='ocrx_word' id='word_1_105' title='bbox 788 1352 966 1396; x_wconf 86' lang='lat' dir='ltr'><strong>hastilia</strong></span> <span class='ocrx_word' id='word_1_106' title='bbox 988 1354 1087 1397; x_wconf 86' lang='lat' dir='ltr'><strong>nisu</strong></span> 
     </span>
    </p>

    <p class='ocr_par' dir='ltr' id='par_1_14' title="bbox 71 1418 1282 1548">
     <span class='ocr_line' id='line_1_18' title="bbox 72 1418 1282 1481; baseline 0.008 -22"><span class='ocrx_word' id='word_1_107' title='bbox 72 1418 319 1475; x_wconf 79' lang='lat' dir='ltr'><strong>Aggredior</strong></span> <span class='ocrx_word' id='word_1_108' title='bbox 339 1420 611 1477; x_wconf 86' lang='lat' dir='ltr'><strong>genibusque</strong></span> <span class='ocrx_word' id='word_1_109' title='bbox 634 1423 838 1465; x_wconf 87' lang='lat' dir='ltr'><strong>adversae</strong></span> <span class='ocrx_word' id='word_1_110' title='bbox 861 1424 1059 1467; x_wconf 88' lang='lat' dir='ltr'><strong>obluctor</strong></span> <span class='ocrx_word' id='word_1_111' title='bbox 1080 1440 1232 1469; x_wconf 86' lang='lat' dir='ltr'><strong>arenae</strong></span> <span class='ocrx_word' id='word_1_112' title='bbox 1248 1441 1282 1481; x_wconf 81' lang='lat'><strong>3-</strong></span> 
     </span>
     <span class='ocr_line' id='line_1_19' title="bbox 71 1488 1237 1548; baseline 0.009 -18"><span class='ocrx_word' id='word_1_113' title='bbox 71 1488 278 1545; x_wconf 80' lang='lat' dir='ltr'><strong>Eloquar,</strong></span> <span class='ocrx_word' id='word_1_114' title='bbox 304 1505 361 1532; x_wconf 87' lang='lat' dir='ltr'><strong>an</strong></span> <span class='ocrx_word' id='word_1_115' title='bbox 383 1491 537 1533; x_wconf 89' lang='lat' dir='ltr'><strong>sileam</strong></span> <span class='ocrx_word' id='word_1_116' title='bbox 551 1493 598 1535; x_wconf 73' lang='grc' dir='ltr'><strong>Ρ-</strong></span> <span class='ocrx_word' id='word_1_117' title='bbox 630 1493 823 1548; x_wconf 85' lang='lat' dir='ltr'><strong>gemitus</strong></span> <span class='ocrx_word' id='word_1_118' title='bbox 844 1495 1127 1539; x_wconf 84' lang='lat' dir='ltr'><strong>lacrimabilis</strong></span> <span class='ocrx_word' id='word_1_119' title='bbox 1150 1497 1237 1540; x_wconf 87' lang='lat' dir='ltr'><strong>imo</strong></span> 
     </span>
    </p>

    <p class='ocr_par' dir='ltr' id='par_1_15' title="bbox 72 1559 1506 1696">
     <span class='ocr_line' id='line_1_20' title="bbox 72 1559 1506 1618; baseline 0.009 -17"><span class='ocrx_word' id='word_1_120' title='bbox 72 1559 274 1603; x_wconf 87' lang='lat' dir='ltr'><strong>Auditur</strong></span> <span class='ocrx_word' id='word_1_121' title='bbox 295 1563 483 1618; x_wconf 80' lang='lat' dir='ltr'><strong>tumulo,</strong></span> <span class='ocrx_word' id='word_1_122' title='bbox 509 1568 552 1605; x_wconf 89' lang='lat' dir='ltr'><strong>et</strong></span> <span class='ocrx_word' id='word_1_123' title='bbox 574 1578 659 1606; x_wconf 80' lang='lat' dir='ltr'><strong>vox</strong></span> <span class='ocrx_word' id='word_1_124' title='bbox 682 1565 855 1607; x_wconf 89' lang='lat' dir='ltr'><strong>reddita</strong></span> <span class='ocrx_word' id='word_1_125' title='bbox 875 1566 1017 1609; x_wconf 85' lang='lat' dir='ltr'><strong>fertur</strong></span> <span class='ocrx_word' id='word_1_126' title='bbox 1038 1569 1095 1610; x_wconf 91' lang='lat' dir='ltr'><strong>ad</strong></span> <span class='ocrx_word' id='word_1_127' title='bbox 1117 1583 1243 1611; x_wconf 90' lang='lat' dir='ltr'><strong>aures</strong></span> <span class='ocrx_word' id='word_1_128' title='bbox 1261 1582 1271 1612; x_wconf 90' lang='lat'>:</span> <span class='ocrx_word' id='word_1_129' title='bbox 1447 1571 1506 1613; x_wconf 84' lang='lat'><strong>40</strong></span> 
     </span>
     <span class='ocr_line' id='line_1_21' title="bbox 75 1629 1401 1696; baseline 0.008 -24"><span class='ocrx_word' id='word_1_130' title='bbox 75 1629 103 1651; x_wconf 92' lang='lat'><strong><em>“</em></strong></span> <span class='ocrx_word' id='word_1_131' title='bbox 119 1630 236 1684; x_wconf 82' lang='lat' dir='ltr'><strong>Quid</strong></span> <span class='ocrx_word' id='word_1_132' title='bbox 260 1632 483 1688; x_wconf 79' lang='lat' dir='ltr'><strong>miserum,</strong></span> <span class='ocrx_word' id='word_1_133' title='bbox 507 1633 673 1690; x_wconf 76' lang='lat' dir='ltr'><strong>Aenea,</strong></span> <span class='ocrx_word' id='word_1_134' title='bbox 696 1635 859 1678; x_wconf 87' lang='lat' dir='ltr'><strong>laceras</strong></span> <span class='ocrx_word' id='word_1_135' title='bbox 878 1638 899 1679; x_wconf 77' lang='grc' dir='ltr'>Ρ</span> <span class='ocrx_word' id='word_1_136' title='bbox 934 1637 966 1679; x_wconf 83' lang='lat' dir='ltr'><strong>J</strong></span> <span class='ocrx_word' id='word_1_137' title='bbox 969 1652 1041 1679; x_wconf 89' lang='lat' dir='ltr'><strong>am</strong></span> <span class='ocrx_word' id='word_1_138' title='bbox 1065 1653 1191 1694; x_wconf 87' lang='lat' dir='ltr'><strong>parce</strong></span> <span class='ocrx_word' id='word_1_139' title='bbox 1215 1640 1401 1696; x_wconf 82' lang='lat' dir='ltr'><strong>sepulto,</strong></span> 
     </span>
    </p>

    <p class='ocr_par' dir='ltr' id='par_1_16' title="bbox 73 1699 1281 1765">
     <span class='ocr_line' id='line_1_22' title="bbox 73 1699 1281 1765; baseline 0.007 -22"><span class='ocrx_word' id='word_1_140' title='bbox 73 1699 101 1722; x_wconf 73' lang='lat'><strong>‘⁶</strong></span> <span class='ocrx_word' id='word_1_141' title='bbox 120 1700 256 1744; x_wconf 88' lang='lat' dir='ltr'><strong>Parce</strong></span> <span class='ocrx_word' id='word_1_142' title='bbox 279 1701 375 1758; x_wconf 89' lang='lat' dir='ltr'><strong>pias</strong></span> <span class='ocrx_word' id='word_1_143' title='bbox 397 1704 602 1747; x_wconf 86' lang='lat' dir='ltr'><strong>scelerare</strong></span> <span class='ocrx_word' id='word_1_144' title='bbox 624 1719 807 1749; x_wconf 87' lang='lat' dir='ltr'><strong>manus:</strong></span> <span class='ocrx_word' id='word_1_145' title='bbox 842 1721 930 1749; x_wconf 89' lang='lat' dir='ltr'><strong>non</strong></span> <span class='ocrx_word' id='word_1_146' title='bbox 951 1721 1021 1749; x_wconf 89' lang='lat' dir='ltr'><strong>me</strong></span> <span class='ocrx_word' id='word_1_147' title='bbox 1044 1708 1127 1751; x_wconf 88' lang='lat' dir='ltr'><strong>tibi</strong></span> <span class='ocrx_word' id='word_1_148' title='bbox 1150 1709 1281 1765; x_wconf 84' lang='lat' dir='ltr'><strong>Troja</strong></span> 
     </span>
    </p>

    <p class='ocr_par' dir='ltr' id='par_1_17' title="bbox 71 1769 1292 1835">
     <span class='ocr_line' id='line_1_23' title="bbox 71 1769 1292 1835; baseline 0.008 -22"><span class='ocrx_word' id='word_1_149' title='bbox 71 1769 102 1792; x_wconf 89' lang='lat'><strong>“</strong></span> <span class='ocrx_word' id='word_1_150' title='bbox 120 1770 373 1815; x_wconf 81' lang='lat' dir='ltr'><strong>Externum</strong></span> <span class='ocrx_word' id='word_1_151' title='bbox 394 1773 515 1829; x_wconf 87' lang='lat' dir='ltr'><strong>tulit,</strong></span> <span class='ocrx_word' id='word_1_152' title='bbox 535 1779 614 1817; x_wconf 90' lang='lat' dir='ltr'><strong>aut</strong></span> <span class='ocrx_word' id='word_1_153' title='bbox 637 1790 762 1818; x_wconf 88' lang='lat' dir='ltr'><strong>cruor</strong></span> <span class='ocrx_word' id='word_1_154' title='bbox 781 1776 852 1819; x_wconf 87' lang='lat' dir='ltr'><strong>hic</strong></span> <span class='ocrx_word' id='word_1_155' title='bbox 875 1777 929 1819; x_wconf 89' lang='lat' dir='ltr'><strong>de</strong></span> <span class='ocrx_word' id='word_1_156' title='bbox 951 1778 1103 1835; x_wconf 84' lang='lat' dir='ltr'><strong>stipite</strong></span> <span class='ocrx_word' id='word_1_157' title='bbox 1126 1785 1292 1824; x_wconf 85' lang='lat' dir='ltr'><strong>manat.</strong></span> 
     </span>
    </p>

    <p class='ocr_par' dir='ltr' id='par_1_18' title="bbox 71 1840 1230 1904">
     <span class='ocr_line' id='line_1_24' title="bbox 71 1840 1230 1904; baseline 0.008 -20"><span class='ocrx_word' id='word_1_158' title='bbox 71 1840 104 1862; x_wconf 89' lang='lat'><strong>“</strong></span> <span class='ocrx_word' id='word_1_159' title='bbox 119 1841 224 1885; x_wconf 90' lang='lat' dir='ltr'><strong>Heu</strong></span> <span class='ocrx_word' id='word_1_160' title='bbox 243 1843 345 1899; x_wconf 85' lang='lat' dir='ltr'><strong>fuge</strong></span> <span class='ocrx_word' id='word_1_161' title='bbox 368 1845 563 1888; x_wconf 88' lang='lat' dir='ltr'><strong>crudeles</strong></span> <span class='ocrx_word' id='word_1_162' title='bbox 586 1850 737 1900; x_wconf 82' lang='lat' dir='ltr'><strong>terras,</strong></span> <span class='ocrx_word' id='word_1_163' title='bbox 760 1846 864 1904; x_wconf 86' lang='lat' dir='ltr'><strong>fuge</strong></span> <span class='ocrx_word' id='word_1_164' title='bbox 886 1848 994 1891; x_wconf 90' lang='lat' dir='ltr'><strong>litus</strong></span> <span class='ocrx_word' id='word_1_165' title='bbox 1017 1865 1200 1893; x_wconf 87' lang='lat' dir='ltr'><strong>avarum</strong></span> <span class='ocrx_word' id='word_1_166' title='bbox 1220 1865 1230 1894; x_wconf 78' lang='lat' dir='ltr'>z</span> 
     </span>
    </p>

    <p class='ocr_par' dir='ltr' id='par_1_19' title="bbox 70 1912 1503 2043">
     <span class='ocr_line' id='line_1_25' title="bbox 71 1912 1503 1974; baseline 0.008 -19"><span class='ocrx_word' id='word_1_167' title='bbox 71 1912 99 1934; x_wconf 71' lang='lat'><strong>‘⁶</strong></span> <span class='ocrx_word' id='word_1_168' title='bbox 117 1912 237 1956; x_wconf 87' lang='lat' dir='ltr'><strong>Nam</strong></span> <span class='ocrx_word' id='word_1_169' title='bbox 260 1914 502 1971; x_wconf 84' lang='lat' dir='ltr'><strong>Polydorus</strong></span> <span class='ocrx_word' id='word_1_170' title='bbox 525 1930 615 1974; x_wconf 82' lang='lat' dir='ltr'><strong>ege.</strong></span> <span class='ocrx_word' id='word_1_171' title='bbox 680 1917 767 1960; x_wconf 89' lang='lat' dir='ltr'><strong>Hic</strong></span> <span class='ocrx_word' id='word_1_172' title='bbox 790 1919 1013 1962; x_wconf 80' lang='lat' dir='ltr'><strong>confixum</strong></span> <span class='ocrx_word' id='word_1_173' title='bbox 1034 1921 1171 1964; x_wconf 87' lang='lat' dir='ltr'><strong>ferrea</strong></span> <span class='ocrx_word' id='word_1_174' title='bbox 1194 1922 1306 1965; x_wconf 78' lang='lat' dir='ltr'><strong>texit</strong></span> <span class='ocrx_word' id='word_1_175' title='bbox 1445 1923 1503 1968; x_wconf 83' lang='lat'><strong>45</strong></span> 
     </span>
     <span class='ocr_line' id='line_1_26' title="bbox 70 1983 1122 2043; baseline 0.009 -17"><span class='ocrx_word' id='word_1_176' title='bbox 70 1983 98 2004; x_wconf 83' lang='grc'><strong>“</strong></span> <span class='ocrx_word' id='word_1_177' title='bbox 115 1984 323 2027; x_wconf 84' lang='lat' dir='ltr'><strong>Telorum</strong></span> <span class='ocrx_word' id='word_1_178' title='bbox 344 2000 466 2043; x_wconf 87' lang='lat' dir='ltr'><strong>seges</strong></span> <span class='ocrx_word' id='word_1_179' title='bbox 487 1992 532 2029; x_wconf 91' lang='lat' dir='ltr'><strong>et</strong></span> <span class='ocrx_word' id='word_1_180' title='bbox 549 1986 709 2043; x_wconf 85' lang='lat' dir='ltr'><strong>jaculis</strong></span> <span class='ocrx_word' id='word_1_181' title='bbox 730 1988 915 2033; x_wconf 89' lang='lat' dir='ltr'><strong>increvit</strong></span> <span class='ocrx_word' id='word_1_182' title='bbox 938 1991 1122 2036; x_wconf 81' lang='lat' dir='ltr'><strong>acutiS.”</strong></span> 
     </span>
    </p>

    <p class='ocr_par' dir='ltr' id='par_1_20' title="bbox 71 2051 1182 2115">
     <span class='ocr_line' id='line_1_27' title="bbox 71 2051 1182 2115; baseline 0.008 -21"><span class='ocrx_word' id='word_1_183' title='bbox 71 2051 192 2095; x_wconf 86' lang='lat' dir='ltr'><strong>Tum</strong></span> <span class='ocrx_word' id='word_1_184' title='bbox 213 2067 312 2095; x_wconf 88' lang='lat' dir='ltr'><strong>vero</strong></span> <span class='ocrx_word' id='word_1_185' title='bbox 333 2055 518 2110; x_wconf 90' lang='lat' dir='ltr'><strong>ancipiti</strong></span> <span class='ocrx_word' id='word_1_186' title='bbox 538 2060 735 2098; x_wconf 88' lang='lat' dir='ltr'><strong>mentem</strong></span> <span class='ocrx_word' id='word_1_187' title='bbox 755 2056 988 2101; x_wconf 87' lang='lat' dir='ltr'><strong>formidine</strong></span> <span class='ocrx_word' id='word_1_188' title='bbox 1010 2074 1182 2115; x_wconf 87' lang='lat' dir='ltr'><strong>pressus</strong></span> 
     </span>
    </p>

    <p class='ocr_par' dir='ltr' id='par_1_21' title="bbox 67 2119 1502 2389">
     <span class='ocr_line' id='line_1_28' title="bbox 69 2119 1380 2178; baseline 0.007 -15"><span class='ocrx_word' id='word_1_189' title='bbox 69 2119 306 2176; x_wconf 83' lang='lat' dir='ltr'><strong>Obstupui,</strong></span> <span class='ocrx_word' id='word_1_190' title='bbox 332 2126 637 2178; x_wconf 84' lang='lat' dir='ltr'><strong>steteruntque</strong></span> <span class='ocrx_word' id='word_1_191' title='bbox 659 2137 809 2166; x_wconf 90' lang='lat' dir='ltr'><strong>comae</strong></span> <span class='ocrx_word' id='word_1_192' title='bbox 832 2130 877 2167; x_wconf 90' lang='lat' dir='ltr'><strong>et</strong></span> <span class='ocrx_word' id='word_1_193' title='bbox 900 2140 984 2168; x_wconf 79' lang='lat' dir='ltr'><strong>vox</strong></span> <span class='ocrx_word' id='word_1_194' title='bbox 1004 2127 1204 2171; x_wconf 85' lang='lat' dir='ltr'><strong>faucibus</strong></span> <span class='ocrx_word' id='word_1_195' title='bbox 1227 2128 1380 2173; x_wconf 88' lang='lat' dir='ltr'><strong>haesit.</strong></span> 
     </span>
     <span class='ocr_line' id='line_1_29' title="bbox 73 2190 1383 2256; baseline 0.008 -25"><span class='ocrx_word' id='word_1_196' title='bbox 73 2190 207 2233; x_wconf 91' lang='lat' dir='ltr'><strong>Hunc</strong></span> <span class='ocrx_word' id='word_1_197' title='bbox 233 2191 501 2246; x_wconf 84' lang='lat' dir='ltr'><strong>Polydorum</strong></span> <span class='ocrx_word' id='word_1_198' title='bbox 523 2194 619 2235; x_wconf 90' lang='lat' dir='ltr'><strong>auri</strong></span> <span class='ocrx_word' id='word_1_199' title='bbox 641 2195 864 2249; x_wconf 89' lang='lat' dir='ltr'><strong>quondam</strong></span> <span class='ocrx_word' id='word_1_200' title='bbox 886 2211 989 2238; x_wconf 90' lang='lat' dir='ltr'><strong>cum</strong></span> <span class='ocrx_word' id='word_1_201' title='bbox 1012 2200 1201 2253; x_wconf 87' lang='lat' dir='ltr'><strong>pondere</strong></span> <span class='ocrx_word' id='word_1_202' title='bbox 1224 2215 1383 2256; x_wconf 90' lang='lat' dir='ltr'><strong>magno</strong></span> 
     </span>
     <span class='ocr_line' id='line_1_30' title="bbox 67 2261 1502 2313; baseline 0.008 -11"><span class='ocrx_word' id='word_1_203' title='bbox 67 2261 231 2303; x_wconf 77' lang='lat' dir='ltr'><strong>Infelix</strong></span> <span class='ocrx_word' id='word_1_204' title='bbox 255 2261 457 2304; x_wconf 88' lang='lat' dir='ltr'><strong>Priamus</strong></span> <span class='ocrx_word' id='word_1_205' title='bbox 479 2261 632 2304; x_wconf 87' lang='lat' dir='ltr'><strong>furtim</strong></span> <span class='ocrx_word' id='word_1_206' title='bbox 655 2265 887 2307; x_wconf 85' lang='lat' dir='ltr'><strong>mandarat</strong></span> <span class='ocrx_word' id='word_1_207' title='bbox 911 2267 1120 2309; x_wconf 90' lang='lat' dir='ltr'><strong>alendum</strong></span> <span class='ocrx_word' id='word_1_208' title='bbox 1444 2271 1502 2313; x_wconf 88' lang='lat'><strong>50</strong></span> 
     </span>
     <span class='ocr_line' id='line_1_31' title="bbox 69 2331 1067 2389; baseline 0.006 -16"><span class='ocrx_word' id='word_1_209' title='bbox 69 2331 270 2374; x_wconf 74' lang='lat' dir='ltr'><strong>Threicio</strong></span> <span class='ocrx_word' id='word_1_210' title='bbox 293 2331 397 2388; x_wconf 81' lang='lat' dir='ltr'><strong>regi,</strong></span> <span class='ocrx_word' id='word_1_211' title='bbox 423 2346 562 2388; x_wconf 90' lang='lat' dir='ltr'><strong>quum</strong></span> <span class='ocrx_word' id='word_1_212' title='bbox 578 2332 674 2389; x_wconf 87' lang='lat' dir='ltr'><strong>jam</strong></span> <span class='ocrx_word' id='word_1_213' title='bbox 695 2333 913 2377; x_wconf 86' lang='lat' dir='ltr'><strong>diffideret</strong></span> <span class='ocrx_word' id='word_1_214' title='bbox 935 2337 1067 2379; x_wconf 87' lang='lat' dir='ltr'><strong>armis</strong></span> 
     </span>
    </p>

    <p class='ocr_par' dir='ltr' id='par_1_22' title="bbox 69 2401 1167 2458">
     <span class='ocr_line' id='line_1_32' title="bbox 69 2401 1167 2458; baseline 0.006 -15"><span class='ocrx_word' id='word_1_215' title='bbox 69 2401 321 2451; x_wconf 86' lang='lat' dir='ltr'><strong>Dardaniae</strong></span> <span class='ocrx_word' id='word_1_216' title='bbox 343 2402 548 2458; x_wconf 83' lang='lat' dir='ltr'><strong>cingique</strong></span> <span class='ocrx_word' id='word_1_217' title='bbox 571 2403 723 2445; x_wconf 88' lang='lat' dir='ltr'><strong>urbem</strong></span> <span class='ocrx_word' id='word_1_218' title='bbox 745 2404 965 2447; x_wconf 81' lang='lat' dir='ltr'><strong>obsidione</strong></span> <span class='ocrx_word' id='word_1_219' title='bbox 987 2406 1167 2450; x_wconf 88' lang='lat' dir='ltr'><strong>videret.</strong></span> 
     </span>
    </p>

    <p class='ocr_par' dir='ltr' id='par_1_23' title="bbox 68 2470 1319 2535">
     <span class='ocr_line' id='line_1_33' title="bbox 68 2470 1319 2535; baseline 0.006 -22"><span class='ocrx_word' id='word_1_220' title='bbox 68 2470 166 2527; x_wconf 81' lang='lat' dir='ltr'><strong>Ille,</strong></span> <span class='ocrx_word' id='word_1_221' title='bbox 189 2477 241 2514; x_wconf 90' lang='lat' dir='ltr'><strong>ut</strong></span> <span class='ocrx_word' id='word_1_222' title='bbox 263 2486 368 2528; x_wconf 91' lang='lat' dir='ltr'><strong>opes</strong></span> <span class='ocrx_word' id='word_1_223' title='bbox 389 2472 553 2515; x_wconf 85' lang='lat' dir='ltr'><strong>fractae</strong></span> <span class='ocrx_word' id='word_1_224' title='bbox 577 2473 812 2530; x_wconf 78' lang='lat' dir='ltr'><strong>Teucrum,</strong></span> <span class='ocrx_word' id='word_1_225' title='bbox 837 2480 882 2518; x_wconf 93' lang='lat' dir='ltr'><strong>et</strong></span> <span class='ocrx_word' id='word_1_226' title='bbox 904 2475 1105 2519; x_wconf 83' lang='lat' dir='ltr'><strong>Fortuna</strong></span> <span class='ocrx_word' id='word_1_227' title='bbox 1128 2478 1319 2535; x_wconf 88' lang='lat' dir='ltr'><strong>recessit,</strong></span> 
     </span>
    </p>

    <p class='ocr_par' dir='ltr' id='par_1_24' title="bbox 69 2540 1217 2605">
     <span class='ocr_line' id='line_1_34' title="bbox 69 2540 1217 2605; baseline 0.006 -21"><span class='ocrx_word' id='word_1_228' title='bbox 69 2540 158 2585; x_wconf 85' lang='lat' dir='ltr'><strong>Res</strong></span> <span class='ocrx_word' id='word_1_229' title='bbox 180 2541 555 2599; x_wconf 83' lang='lat' dir='ltr'><strong>Agamemnonias</strong></span> <span class='ocrx_word' id='word_1_230' title='bbox 577 2544 860 2602; x_wconf 87' lang='lat' dir='ltr'><strong>victriciaque</strong></span> <span class='ocrx_word' id='word_1_231' title='bbox 882 2561 1003 2590; x_wconf 89' lang='lat' dir='ltr'><strong>arma</strong></span> <span class='ocrx_word' id='word_1_232' title='bbox 1026 2553 1217 2605; x_wconf 83' lang='lat' dir='ltr'><strong>secutus,</strong></span> 
     </span>
    </p>

    <p class='ocr_par' dir='ltr' id='par_1_25' title="bbox 68 2612 1500 2673">
     <span class='ocr_line' id='line_1_35' title="bbox 68 2612 1500 2673; baseline 0.007 -18"><span class='ocrx_word' id='word_1_233' title='bbox 68 2612 157 2656; x_wconf 83' lang='lat' dir='ltr'><strong>Fas</strong></span> <span class='ocrx_word' id='word_1_234' title='bbox 178 2627 304 2656; x_wconf 89' lang='lat' dir='ltr'><strong>omne</strong></span> <span class='ocrx_word' id='word_1_235' title='bbox 326 2614 567 2672; x_wconf 84' lang='lat' dir='ltr'><strong>abrumpit,</strong></span> <span class='ocrx_word' id='word_1_236' title='bbox 591 2614 858 2673; x_wconf 85' lang='lat' dir='ltr'><strong>Polydorum</strong></span> <span class='ocrx_word' id='word_1_237' title='bbox 881 2617 1129 2673; x_wconf 80' lang='lat' dir='ltr'><strong>obtruncat,</strong></span> <span class='ocrx_word' id='word_1_238' title='bbox 1153 2625 1199 2662; x_wconf 87' lang='lat' dir='ltr'><strong>et</strong></span> <span class='ocrx_word' id='word_1_239' title='bbox 1221 2634 1327 2663; x_wconf 87' lang='lat' dir='ltr'><strong>auro</strong></span> <span class='ocrx_word' id='word_1_240' title='bbox 1441 2622 1500 2666; x_wconf 88' lang='grc'><strong>55</strong></span> 
     </span>
    </p>
   </div>
  </div>
 </body>
</html>
