1757 2916
166 117 251 162 276
638 131 867 161 Anussinos
900 131 984 161 LIB.
1021 130 1102 161 X11.

169 238 195 260 “
217 238 330 282 Sunt
354 239 433 282 tibi
456 254 588 296 regna
610 239 746 295 patris
771 238 934 293 Dauni,
960 243 1064 280 sunt
1084 238 1244 294 oppida
1267 242 1398 294 capta

168 310 195 330 “
215 309 358 353 Multa
383 325 518 352 manu
535 324 545 364 ;
581 324 659 352 1100
684 325 768 351 non
786 322 1031 364 aurumque
1049 310 1308 364 animusque
1327 308 1487 350 Latino
1505 312 1569 351 001
1588 322 1599 362 ;

170 381 197 401 “
220 382 335 425 Sunt
357 382 467 424 aliae
489 382 703 438 innuptae
728 380 858 423 Latio
881 386 926 422 et
949 380 1246 423 Laurentibus
1269 381 1397 436 agris,

171 454 197 474 “
217 453 309 496 Nec
333 468 469 510 genus
492 454 711 496 indecores
732 467 741 495 t
777 453 868 494 sine
892 466 961 493 me
984 451 1090 494 11000
1109 452 1229 494 haud
1251 452 1400 494 mollia
1423 451 1521 493 fatu
1544 453 1601 494 25

171 524 198 545 “
220 524 420 568 Sublatis
443 525 608 581 aperire
631 523 756 578 dolis,
781 523 913 565 simul
934 522 1014 564 1100
1037 523 1184 566 animo
1206 523 1345 566 hauri.

171 596 198 617 “
218 596 291 639 Me
313 603 463 639 natam
486 595 599 638 nulli
621 601 819 638 veterum
843 594 1002 638 sociare
1024 609 1253 651 procorum

172 667 200 688 ‘⁶
218 668 306 711 Fas
329 673 434 723 erat,
459 667 590 723 idque
612 681 764 709 0111000
786 666 963 722 divique
985 665 1271 722 hominesque
1295 666 1513 709 canebant
1531 679 1541 719 ;

173 737 201 759 “
220 738 381 781 Victus
403 752 547 780 amore
571 737 653 793 tui,
678 743 862 794 cognato
885 736 1095 792 sanguine
1117 737 1281 789 victus,

173 808 200 828 “
221 808 429 865 Gonjugis
453 813 498 850 et
520 813 713 850 maestae
735 806 940 863 lacrimis,
966 807 1110 849 vincla
1133 807 1278 850 omnia
1301 806 1412 863 rupi,
1548 806 1606 848 30

174 879 200 899 ‘⁶
220 879 488 922 Promissam
511 878 651 935 eripui
673 893 842 936 genero,
867 893 989 921 arma
1010 878 1148 934 impia
1171 878 1318 921 sumsi.

175 951 202 971 “
218 951 291 993 Ex
311 950 386 993 1110
409 950 485 1007 qui
507 965 577 993 me
601 965 740 1006 casus,
766 964 891 1006 quae,
918 950 1080 1004 Turne,
1107 954 1352 1006 sequantur

176 1022 202 1042 ‘⁶
222 1021 359 1077 Bella,
384 1021 516 1077 vides,
542 1023 732 1077 quantos
755 1020 920 1077 primus
943 1021 1114 1076 patiare
1137 1021 1322 1064 labores,

177 1093 203 1114 “
225 1093 302 1135 Bis
323 1108 484 1149 magna
507 1092 614 1135 victi
637 1106 786 1148 pugna
809 1091 882 1134 vix
906 1092 1010 1133 urbe
1033 1097 1212 1133 tuemur

178 1163 204 1184 ‘⁴
226 1164 334 1219 Spes
357 1163 510 1217 Italas,
537 1163 729 1205 recalent
754 1167 900 1204 nostro
925 1162 1131 1204 Tiberina
1154 1162 1324 1204 fluenta
1552 1162 1610 1205 35

179 1234 206 1255 “
226 1234 447 1292 Sanguine
470 1235 628 1289 adhuc,
653 1234 885 1290 campique
907 1233 1106 1290 ingentes
1130 1234 1296 1276 ossibus
1321 1233 1484 1276 albent.

179 1305 207 1326 ‘⁶
224 1306 318 1359 Quo
341 1306 495 1348 referor
516 1305 647 1348 toties
663 1307 684 1348 Ρ
721 1320 833 1361 quae
855 1310 1051 1347 mentem
1073 1305 1245 1347 insania
1267 1310 1415 1348 mutat
1436 1306 1457 1348 P

181 1376 209 1398 “
229 1376 276 1420 Si
299 1376 447 1419 Turno
469 1376 687 1418 exstincto
711 1375 844 1418 socios
868 1390 965 1418 sum
988 1376 1154 1418 adscire
1177 1382 1382 1432 paratus:

181 1447 210 1468 “
231 1446 321 1490 Cur
342 1462 428 1488 000
450 1446 661 1489 incolumi
685 1445 833 1503 potius
855 1445 1095 1488 certamina
1118 1447 1223 1489 10110
1239 1448 1259 1489 Ρ

181 1519 207 1538 ‘⁴
225 1518 340 1571 Quid
363 1517 674 1574 consanguinei
698 1517 870 1572 Rutuli,
896 1516 1002 1573 quid
1026 1522 1170 1560 cetera
1193 1517 1310 1560 dicet
1554 1517 1613 1559 40

182 1590 209 1611 “
230 1590 376 1645 Italia,
401 1590 457 1632 ad
479 1595 663 1632 mortem
687 1590 722 1632 si
745 1589 934 1633 te-Fors
957 1589 1076 1632 dicta
1098 1589 1264 1632 refutet
1282 1593 1323 1634 1-

183 1662 209 1682 “
230 1661 517 1717 Prodiderim,
543 1666 697 1703 natam
719 1665 765 1703 et
790 1660 1007 1702 connubia
1028 1665 1178 1703 nostra
1200 1666 1429 1718 petentem
1446 1662 1467 1704 P

184 1732 211 1753 ‘⁴
230 1732 415 1789 Respice
438 1747 503 1774 res
525 1732 638 1775 bello
659 1731 801 1774 varias
819 1745 829 1786 ;
864 1731 1065 1774 miserere
1087 1732 1286 1788 parentis

184 1802 211 1822 ‘⁶
226 1802 463 1864 Longacvi,
488 1816 619 1858 quem
642 1817 758 1845 nunc
781 1806 1002 1844 maestum
1023 1802 1168 1859 patria
1189 1802 1338 1845 Ardea
1358 1802 1485 1858 longe

184 1872 211 1893 ‘⁶
230 1872 443 1915 Dividit.''
507 1872 872 1928 Haudquaquam
892 1872 1023 1915 dictis
1045 1872 1255 1915 violentia
1279 1872 1417 1915 Turni
1558 1872 1615 1916 45

185 1942 418 1997 Flectitur,
443 1948 677 1998 exsuperat
698 1942 853 1998 magis,
878 1943 1176 1999 aegrescitque
1200 1943 1428 1987 medendo.

187 2013 254 2056 Ut
277 2013 470 2070 primum
493 2013 573 2055 fari
595 2014 757 2070 potuit,
783 2014 841 2056 010
864 2013 1031 2056 10011111
1055 2029 1123 2057 ore
1142 2029 1151 2058 :

187 2083 214 2104 “
235 2084 378 2137 Quam
401 2099 477 2140 pro
500 2098 570 2126 mc
595 2099 745 2127 curam
767 2085 891 2141 geris,
915 2084 1027 2128 hanc
1052 2100 1213 2142 precor,
1238 2086 1417 2142 01111010,-
1441 2100 1517 2143 pro
1550 2099 1621 2128 me

188 2155 215 2175 “
235 2154 453 2211 Deponas,
477 2155 705 2211 letumque
729 2156 843 2198 sinas
866 2171 943 2213 pro
964 2157 1094 2200 laude
1117 2157 1294 2214 pacisci.

189 2225 215 2246 “
233 2225 295 2267 Et
317 2240 394 2268 nos
417 2226 520 2281 tela,
544 2231 684 2282 pater,
708 2226 957 2282 ferrumque
980 2227 1099 2270 haud
1122 2228 1263 2271 debile
1286 2229 1441 2271 dextra
1563 2228 1622 2272 50

190 2295 216 2316 ‘⁶'
239 2295 505 2352 Spargimus,
529 2301 574 2339 et
595 2301 743 2339 nostro
767 2298 966 2352 sequitur
988 2298 1040 2340 de
1063 2298 1239 2341 vulnere
1263 2298 1451 2356 sanguis.

190 2367 216 2387 “
236 2367 384 2424 Longe
407 2368 471 2411 illi
492 2369 575 2411 dea
598 2374 741 2411 mater
764 2368 860 2424 erit,
885 2382 997 2424 quae
1021 2370 1137 2412 nube
1159 2370 1362 2427 fugacem

191 2438 217 2459 “
237 2437 451 2482 Feminea
474 2445 612 2497 tegat,
637 2446 681 2482 et
705 2440 827 2482 vanis
850 2455 940 2483 0000
964 2442 1134 2484 00011101
1156 2442 1364 2484 11111111·10.”

191 2509 256 2552 Α1
278 2510 440 2566 regina,
464 2525 575 2554 nova
597 2525 771 2568 pugnae
793 2511 1034 2553 conterrita
1057 2518 1186 2568 sorte,

193 2580 350 2624 Flebat
372 2587 415 2624 et
440 2583 666 2625 ardentem
689 2596 895 2639 generum
922 2583 1130 2626 moritura
1152 2584 1331 2627 tenebat
1353 2598 1361 2628 :
1565 2585 1622 2629 55
