1757 2916
540 642 588 685 P.
631 615 892 684 VIRGI‘LII
935 637 1195 684 MARONIS

426 777 1305 844 AENEIDOS

586 941 780 986 LIBER
816 940 1130 986 OCTAVUS.

153 1191 219 1234 Ut
241 1190 346 1233 belli
368 1189 543 1248 signum
566 1188 780 1232 Laurenti
804 1188 979 1230 Turnus
1002 1188 1057 1230 ab
1081 1203 1180 1231 arce

153 1261 346 1317 Extulit,
371 1266 416 1303 et
439 1275 569 1303 rauco
593 1264 873 1316 strepuerunt
897 1274 1058 1302 cornua
1081 1265 1232 1316 cantu,

155 1332 306 1388 thue
329 1345 448 1374 acres
471 1331 689 1374 concussit
712 1344 857 1386 equos⁷
882 1335 1021 1385 utque
1042 1330 1224 1386 impulit
1247 1345 1370 1373 arma
1389 1343 1402 1385 3

155 1403 390 1458 Extemplo
411 1401 584 1444 turbati
606 1401 756 1456 animi,
783 1400 916 1443 simul
938 1415 1064 1442 omne
1087 1401 1288 1444 tumultu

153 1473 364 1528 Conjurat
386 1472 556 1529 trepido
579 1471 775 1527 Latium,
801 1471 1026 1528 saevitque
1043 1472 1257 1529 juventus

151 1543 308 1587 Effera.
375 1543 594 1586 Ductores
617 1543 763 1600 primi,
789 1543 1020 1600 Messapus
1042 1548 1087 1586 et
1113 1544 1257 1587 Ufens

153 1614 493 1670 Contemtorque
515 1615 647 1657 deum
673 1613 934 1669 Mezentius,
958 1614 1153 1670 undique
1177 1619 1342 1672 cogunt

153 1684 349 1740 Auxilia,
373 1689 419 1727 et
441 1685 554 1727 latos
575 1689 762 1735 vastant
777 1684 1017 1727 cultoribus
1039 1699 1174 1741 agros.

152 1755 354 1797 Mittitur
375 1759 421 1797 et
443 1755 595 1812 magni
617 1754 822 1798 Venulus
845 1754 1073 1798 Diomedis
1096 1756 1153 1798 ad
1174 1756 1344 1811 urbem,

153 1825 237 1878 Qui
259 1830 384 1881 petat
405 1825 637 1881 auxilium,
662 1831 720 1881 et,
744 1826 874 1868 Latio
896 1826 1131 1868 consistere
1156 1827 1362 1882 Teucros,

152 1895 407 1938 Advectum
428 1895 613 1938 Aenean
635 1896 761 1938 classi
782 1895 1011 1951 victosque
1035 1896 1225 1939 Penates

153 1965 333 2021 Inferre,
358 1969 404 2008 et
423 1965 530 2008 fatis
550 1979 698 2021 regem
720 1979 763 2007 se
786 1965 926 2007 dicere
951 1966 1084 2022 posci,

154 2035 364 2091 Edoccat,
388 2035 642 2091 multasque
665 2035 755 2078 viro
779 2050 821 2078 se
845 2035 1083 2092 adjungere
1105 2043 1258 2094 gentes

155 2105 392 2162 Dardanio,
416 2111 461 2149 et
482 2107 574 2148 late
597 2106 725 2149 Latio
748 2106 1060 2150 increbrescere
1084 2123 1256 2152 nomen.

155 2176 272 2230 Quid
294 2181 440 2220 struat
461 2176 530 2219 his
553 2175 733 2232 coeptis,
758 2191 903 2232 quem,
929 2177 965 2220 si
986 2177 1190 2221 Fortuna
1213 2184 1437 2236 sequatur,

153 2248 379 2290 Eventum
401 2261 576 2304 pugnae
600 2248 766 2304 cupiat,
790 2248 1066 2291 manifestius
1087 2249 1187 2306 ipsi,

154 2319 298 2373 Quam
323 2318 471 2361 Turno
494 2317 584 2375 regi
606 2324 685 2360 aut
708 2318 798 2374 regi
821 2333 1030 2375 apparere
1053 2319 1226 2363 Latino.

246 2389 375 2431 Talia
397 2403 473 2445 per
494 2388 687 2432 Latium.
754 2388 874 2442 Quae
898 2389 1240 2433 Laomedontius
1262 2390 1387 2433 heros

155 2459 330 2503 Cuncta
351 2459 505 2502 videns
526 2474 686 2516 magno
709 2474 912 2501 curarum
936 2461 1125 2503 fluctuat
1148 2466 1288 2517 aestu,

153 2532 304 2588 Atque
327 2532 526 2574 animum
548 2546 666 2574 nunc
688 2532 773 2574 huc
797 2532 978 2574 celerem
1001 2547 1118 2575 nunc
1142 2532 1302 2575 dividit
1326 2532 1447 2590 illuc,

155 2603 208 2646 In
231 2607 463 2660 partesque
487 2603 603 2659 rapit
625 2603 779 2658 varias,
804 2618 967 2659 perque
985 2604 1131 2646 omnia
1152 2609 1298 2647 versat
1319 2619 1328 2648 :
1387 2627 1392 2646 ε

1531 1826 1589 1869 10

1534 2182 1590 2224 15

1531 2533 1592 2576 20
