1757 2916
113 153 204 197 294
600 159 831 191 Anxnlnos
863 159 950 189 Lm.
988 158 1068 188 ΧΠ.

114 274 141 295 “
157 275 219 317 Et
242 287 359 316 nunc
383 271 686 328 nequidquam
708 269 823 312 fallis
845 269 939 319 dea.
1007 266 1092 310 Sed
1114 266 1214 322 quis
1239 264 1432 321 Olympo

114 346 143 368 “
162 347 410 390 Demissam
433 350 584 388 tantos
607 343 746 385 voluit
770 348 814 384 te
836 340 946 383 ferre
968 340 1134 382 labores
1149 341 1169 382 Ρ
1465 337 1550 381 635

114 418 142 440 “
161 419 236 461 An
258 418 404 460 fratris
427 416 571 459 miseri
594 416 736 457 letum
759 418 811 454 ut
835 412 1007 454 crudele
1030 411 1197 453 videres
1213 411 1234 453 Ρ

115 490 142 511 “
161 490 280 536 Nam
305 489 410 545 quid
434 502 528 544 ago,
555 491 634 528 aut
658 499 771 539 quae
788 483 885 540 jam
909 483 1094 539 spondet
1116 482 1294 524 fortuna
1319 481 1509 524 salutem
1530 481 1550 524 Ρ

115 561 142 582 “
158 561 265 603 Vidi
288 560 432 603 oculos
456 546 816 614 ante‘ipsemeos
839 569 909 597 me
932 569 1033 597 voce
1056 559 1288 596 vocantem

115 633 144 654 ‘⁶
164 633 439 686 Murranum,
465 644 551 686 quo
573 644 660 672 non
683 633 862 684 superat
884 627 993 669 mihi
1019 626 1154 668 carior
1176 626 1298 680 alter,

115 704 142 725 “
170 703 408 760 Oppetere‚
432 702 674 757 ingentem,
700 705 836 755 atque
854 698 1033 755 'ingenti
1056 698 1235 740 vulnere
1258 697 1440 763 victum.
1467 696 1555 739 640

114 775 142 798 “
162 775 334 818 Occidit
357 773 513 816 infelix
534 787 589 815 ne
613 777 814 815 nostrum
837 772 1028 814 dedecus
1051 769 1194 812 Ufens

114 849 141 869 ‘⁵
161 847 424 904 Adspiceret
443 860 453 901 3
490 844 648 887 Teucri
671 843 908 901 potiuntur
929 857 1104 899 corpore
1128 846 1173 883 et
1197 840 1342 883 armis.

114 920 142 941 ‘⁶
157 919 427 963 Exscindine
450 919 630 961 domos·
644 917 690 959 id
714 916 843 958 rebus
866 914 1010 958 defuit
1032 927 1201 956 unum-

116 992 145 1013 “
164 991 409 1048 Perpetiar,
432 990 591 1033 dextra
613 1003 693 1031 nec
717 987 904 1031 Drancis
926 986 1047 1029 dicta
1068 985 1264 1028 refellam
1279 985 1300 1027 Ρ

115 1063 142 1084 “
159 1063 303 1120 Terga
317 1062 445 1117 dabo,
457 1066 502 1104 et
518 1061 721 1103 Turnum
737 1058 986 1115 fugientem
1000 1057 1105 1099 haec
1121 1062 1236 1099 terra
1250 1054 1451 1097 videbit?
1470 1053 1557 1097 645

115 1134 142 1156 “
161 1134 316 1190 Usque
339 1134 502 1176 adeone
525 1131 636 1174 mori
657 1130 865 1173 miserum
890 1134 956 1172 est
976 1130 997 1171 ?
1049 1127 1140 1170 Vos
1164 1142 1188 1169 o
1210 1126 1319 1168 mihi
1342 1125 1496 1168 Manes

117 1204 144 1225 ‘⁴
161 1205 272 1247 Este
295 1203 410 1259 boni,
436 1202 645 1259 quoniam
670 1200 839 1257 superis
863 1214 1014 1242 aversa
1036 1198 1253 1241 voluntas.

117 1275 145 1296 “
161 1275 326 1319 Sancta
347 1275 404 1317 ad
425 1289 500 1317 vos
523 1273 670 1316 anima
692 1277 826 1328 atque
848 1270 977 1313 istius
1001 1269 1147 1312 nescia
1171 1269 1326 1326 culpae

117 1346 144 1368 “
163 1346 455 1402 Descendam‚
471 1358 737 1401 magnorum
750 1343 871 1385 haud
888 1355 1089 1398 unquam
1107 1340 1316 1396 indignus
1334 1338 1557 1381 avorum.''

116 1418 208 1461 Vix
231 1432 281 1460 ea
301 1417 420 1460 fatus
445 1421 540 1459 erat
557 1430 567 1470 ;
602 1414 768 1457 medios
789 1413 924 1468 volat,
948 1427 1061 1468 ecce,
1085 1426 1163 1468 per
1183 1411 1331 1453 hostes
1470 1409 1559 1453 650

116 1488 286 1532 Vectus
309 1501 420 1544 equo
444 1490 680 1544 spumante
706 1485 849 1540 Saces,
874 1484 1056 1526 adversa
1079 1483 1243 1539 sagitta

119 1558 303 1603 Saucius
326 1573 413 1613 ora,
437 1557 618 1613 ruitque
641 1555 884 1612 implorans
906 1553 1084 1597 nomine
1109 1553 1338 1596 Turnum:

118 1630 146 1651 ‘⁶
163 1630 326 1685 Turne,
351 1628 398 1672 in
419 1633 465 1671 te
488 1641 695 1684 suprema
718 1626 837 1669 salus
856 1640 866 1670 z
902 1625 1104 1668 miserere
1126 1627 1336 1668 tuorum!

120 1701 152 1722 “
171 1700 404 1743 Fulminat
426 1698 603 1742 Aeneas
624 1697 772 1753 armis,
798 1711 1080 1753 summasque
1102 1695 1300 1738 minatur

120 1771 148 1793 “
168 1771 460 1827 Dejecturum
481 1784 602 1812 arces
624 1768 798 1811 Italum
822 1767 1079 1823 excidioque
1103 1767 1331 1821 daturum,
1473 1766 1561 1808 655

122 1843 360 1898 “Jamque
381 1842 499 1884 faces
522 1841 579 1883 ad
600 1845 723 1883 tecta
744 1839 909 1882 volant.
974 1838 1031 1880 In
1053 1843 1098 1880 te
1121 1852 1196 1880 ora
1217 1836 1384 1892 Latini,

121 1914 148 1934 ‘⁴
166 1913 222 1956 In
243 1917 289 1954 te
313 1912 459 1954 oculos
481 1910 676 1952 referunt
693 1924 704 1964 3
739 1913 908 1950 mussat
932 1922 1007 1949 rex
1023 1908 1115 1963 ipse
1138 1907 1339 1961 Latinus,

121 1983 149 2004 “
169 1983 286 2036 Quos
309 1995 486 2038 generos
508 1985 646 2035 vocet,
671 1984 751 2021 aut
773 1992 884 2033 quae
908 1991 998 2019 sese
1021 1977 1078 2019 ad
1100 1976 1273 2019 foedera
1295 1976 1460 2020 flectat.

124 2054 152 2076 “
169 2055 406 2097 Praeterea
429 2046 592 2108 regina,
618 2049 689 2092 tui
711 2048 939 2103 fidissima,
965 2048 1120 2090 dextra

125 2125 152 2147 ‘⁶
173 2125 349 2169 Occidit
370 2123 467 2180 ipsa
491 2136 582 2176 sua,
607 2121 839 2175 lucemque
862 2119 1076 2161 exterrita
1099 2119 1228 2175 fugit.
1475 2119 1563 2163 660

125 2197 152 2218 “
174 2196 264 2241 Soli
287 2210 364 2252 pro
386 2194 523 2251 portis
542 2192 772 2249 Messapus
795 2196 840 2233 ct
863 2205 960 2233 acer
982 2190 1148 2233 Atinas

125 2267 152 2288 “
171 2267 437 2310 Sustentant
460 2264 599 2306 aciem
622 2277 633 2317 3
668 2262 833 2304 circum
855 2261 933 2303 hos
955 2260 1179 2316 utrimque
1202 2260 1443 2317 phalanges

125 2338 152 2359 “
175 2338 307 2381 Stant
329 2336 502 2390 densae,
529 2333 784 2388 strictisque
809 2346 931 2388 seges
952 2332 1234 2374 mucronibus
1256 2331 1399 2373 horret

125 2411 153 2432 “
172 2410 356 2452 Ferrea:
394 2413 445 2450 tu
469 2420 647 2450 currum
669 2406 838 2447 deserto
860 2404 905 2446 in
928 2404 1124 2460 gramine
1147 2418 1290 2447 versas
1310 2404 1331 2446 P
1349 2403 1374 2420 '²

125 2479 376 2537 Obstupuit
398 2478 521 2521 varia
542 2477 749 2520 confusus
772 2474 964 2531 imagine
988 2488 1133 2517 rerum
1478 2473 1566 2517 665

127 2552 319 2606 Turnus,
343 2555 388 2592 et
410 2549 576 2593 obtutu
599 2546 737 2590 tacito
761 2545 900 2589 stetit.
964 2545 1159 2588 Aestuat
1181 2544 1333 2601 ingens

131 2623 232 2667 Uno
254 2622 300 2664 in
322 2621 449 2666 corde
472 2611 612 2678 Pudor
633 2618 860 2673 mixtoque
884 2617 1053 2659 insania
1073 2617 1200 2660 luctu
