1757 2916
189 117 274 161 144
671 125 905 156 AENEIDos
938 125 1024 156 Lm.
1060 125 1121 155 vl.

185 239 213 261 “
229 238 338 294 Nec,
363 237 440 295 qui
464 235 713 295 pampineis
735 235 876 278 victor
892 234 1000 291 juga
1023 232 1164 276 flectit
1187 230 1384 287 habenis,

186 310 212 331 ‘⁶
234 310 379 366 Liber,
405 323 538 366 agens
561 307 675 350 celso
699 306 846 362 Nysae
870 306 923 348 de
946 305 1108 346 vertice
1132 303 1276 359 tigres.
1539 300 1627 345 805

185 382 213 404 ‘⁶
231 383 294 425 Et
318 382 577 425 dubitamus
600 379 745 422 adhuc
767 378 983 420 virtutem
1005 377 1237 419 extendere
1259 375 1403 430 factis,

185 455 212 475 ‘⁶
233 455 330 497 Aut
354 458 503 496 metus
525 451 726 494 Ausonia
749 448 952 506 prohibet
974 448 1210 491 consistere
1233 454 1347 490 terra
1363 449 1384 490 ,9

186 526 214 547 ‘⁴
233 526 341 580 Quis
365 524 518 582 procul
540 523 612 566 ille
636 526 788 564 autem
811 519 942 562 ramis
964 519 1150 575 insignis
1172 518 1324 573 olivae,

185 597 213 618 ‘⁴
237 598 370 640 Sacra
391 597 531 638 ferens
551 595 571 637 Ρ
637 592 781 634 Nosco
804 590 945 633 crines
967 590 1212 644 incanaque
1234 593 1385 630 menta

186 669 212 689 ‘⁴
233 667 369 722 Regis
395 664 600 719 Romani,
626 663 797 720 primus
819 661 896 717 qui
916 660 1089 718 legibus
1111 661 1264 702 urbem
1542 659 1630 699 810

187 739 214 760 ‘⁶
231 737 476 792 Fundabit,
503 736 694 779 Curibus
716 733 861 791 parvis
885 737 930 775 et
952 746 1146 789 paupere
1170 737 1286 774 terra

187 810 215 831 “
234 810 396 853 Missus
418 809 465 851 in
486 807 722 864 imperium
744 819 971 862 magnum.
1038 803 1123 847 Cui
1145 803 1299 846 deinde
1323 801 1506 858 subibit,

187 881 215 902 ‘⁴
234 881 339 925 Otia
362 880 438 937 qui
459 884 635 936 rumpet
657 877 841 935 patriae,
866 875 1112 932 residesque
1134 873 1327 917 movebit

187 953 213 974 ‘⁶
234 952 393 995 Tullus
414 952 461 994 in
483 964 605 993 arma
626 949 740 992 viros
763 953 808 991 et
826 948 922 1005 jam
944 948 1127 990 desueta
1149 945 1386 1002 triumphis

187 1024 216 1045 ‘⁶
234 1023 444 1081 Agmina.
511 1022 653 1076 Quem
670 1020 804 1077 juxta
826 1019 1026 1075 sequitur
1041 1017 1285 1075 jactantior
1307 1016 1476 1072 Ancus,
1541 1017 1629 1060 815

190 1096 218 1117 “
237 1096 370 1139 Nunc
394 1108 565 1151 quoque
583 1093 679 1150 jam
700 1091 888 1134 nimium
910 1091 1107 1148 gaudens
1130 1089 1415 1147 popularibus
1438 1088 1566 1131 auris.

190 1167 219 1189 ‘⁶
238 1167 320 1210 Vis
343 1172 387 1209 et
413 1164 678 1222 Tarquinios
701 1177 822 1220 reges
845 1162 1129 1218 animamque
1151 1161 1387 1217 superbam

189 1238 216 1259 “
238 1237 409 1281 Ultoris
433 1236 567 1279 Bruti
587 1235 814 1290 fascesque
835 1233 982 1277 videre
1004 1232 1235 1289 receptos?

189 1310 217 1332 ‘⁶
235 1309 437 1354 Consulis
459 1306 697 1364 imperium
718 1306 789 1348 hic
813 1305 980 1362 primus
1004 1318 1241 1360 saevasque
1265 1317 1435 1346 secures

191 1381 219 1402 ‘⁶
240 1380 458 1437 Accipiet,
482 1384 696 1433 natosque
718 1382 848 1433 pater
869 1390 982 1418 nova
1003 1375 1119 1417 bella
1141 1379 1366 1417 moventes
1543 1373 1632 1415 820

191 1452 217 1473 ‘⁶
238 1452 311 1495 Ad
334 1465 521 1508 poenam
545 1447 728 1506 pulchra
750 1462 826 1504 pro
846 1446 1054 1489 libertate
1077 1445 1267 1501 vocabit,

190 1524 217 1545 ‘⁶
235 1523 424 1566 Infelix!
493 1521 753 1575 Utcumque
775 1518 918 1561 ferent
941 1532 992 1560 ea
1013 1517 1135 1559 facta
1157 1516 1358 1574 minores,

191 1595 218 1616 ‘⁶
238 1595 402 1637 Vincet
425 1607 546 1635 amor
567 1590 737 1647 patriae
759 1589 1032 1644 laudumque
1055 1587 1272 1629 immensa
1295 1585 1466 1643 cupido.

191 1667 219 1688 “
240 1666 358 1720 Quin
381 1664 541 1707 Decios
565 1663 819 1717 Drusosque
843 1660 995 1717 procul
1019 1672 1286 1714 saevumque
1311 1657 1453 1700 securi

190 1739 217 1760 ‘⁴
236 1737 430 1794 Adspice
455 1736 736 1792 Torquatum
759 1738 804 1776 et
826 1732 1086 1775 referentem
1109 1730 1234 1787 signa
1257 1728 1510 1773 Camillum.
1545 1728 1634 1771 825

193 1811 221 1832 “
241 1810 353 1853 Illae
375 1813 543 1863 autem,
567 1806 747 1864 paribus
769 1819 880 1860 quas
900 1804 1068 1860 fulgere
1089 1801 1229 1845 cernis
1250 1801 1297 1843 in
1319 1798 1466 1855 armis,

191 1882 218 1903 ‘⁶
239 1881 483 1925 Concordes
506 1879 678 1922 animae
700 1890 818 1918 nunc
841 1880 886 1917 et
909 1875 1018 1916 dum
1039 1878 1166 1916 nocte
1190 1876 1460 1928 premuntur!

193 1953 220 1974 “
240 1952 344 1995 Heu
366 1956 585 2008 quantum
608 1949 724 1991 inter
746 1961 790 2008 sp
811 1946 992 2000 bellum,
1018 1944 1053 1987 si
1075 1943 1248 1986 lumina
1273 1943 1390 1985 vitae

192 2024 218 2045 ‘¹
238 2023 500 2080 Attigerint,
525 2026 714 2078 quantas
737 2019 851 2062 acies
873 2023 1150 2074 stragemque
1172 2015 1368 2069 ciebunt,

192 2095 486 2152 “Aggeribus
510 2106 629 2136 socer
651 2090 828 2148 Alpinis
851 2094 986 2145 atque
1009 2101 1106 2130 arce
1130 2086 1331 2129 Monoeci
1546 2084 1635 2127 830

193 2167 221 2188 “
242 2167 537 2220 Descendens,
562 2177 692 2221 gener
714 2161 905 2205 adversis
926 2160 1171 2202 instructus
1194 2157 1298 2200 Eois
1319 2160 1329 2201 Ξ

194 2239 222 2260 “
242 2239 325 2294 Ne,
351 2237 488 2295 pueri,
512 2250 566 2279 ne
590 2240 718 2278 tanta
740 2234 898 2277 animis
921 2231 1167 2275 adsuescite
1189 2229 1319 2284 bella,

192 2310 220 2332 ‘⁶
239 2310 341 2353 Neu
364 2309 534 2367 patriae
556 2307 724 2349 validas
747 2306 793 2348 in
814 2305 976 2348 viscera
997 2304 1156 2346 vertite
1178 2302 1289 2345 vires
1309 2315 1320 2355 ;

195 2383 223 2405 ‘⁶
244 2382 403 2438 Tuque
427 2380 556 2437 prior,
580 2384 632 2421 tu
654 2392 796 2434 parce,
822 2391 958 2434 genus
980 2375 1059 2432 qui
1081 2374 1205 2417 ducis
1229 2373 1432 2429 Olympo,

195 2455 221 2476 ‘⁶
240 2454 408 2510 Projice
431 2452 520 2495 tela
542 2464 693 2504 manu,
718 2449 897 2505 sanguis
920 2451 1067 2492 meus!
1547 2442 1636 2486 835

195 2525 223 2547 “
243 2525 327 2568 Ille
351 2521 628 2579 triumphata
651 2519 873 2576 Capitolia
895 2519 951 2561 ad
974 2519 1066 2561 alta
1089 2515 1305 2560 Corintho

195 2595 398 2639 “Victor
420 2598 524 2651 aget
547 2605 738 2646 currum,
763 2590 898 2633 caesis
920 2588 1102 2646 insignis
1124 2586 1320 2630 Achivis.
