1757 2916
163 137 244 179 156
645 148 876 177 AENEIDos
911 147 996 176 ΠΒ.
1035 147 1113 177 vn.

159 255 324 300 “Fata
348 257 579 313 Phrygum
599 260 608 300 ἱ
644 271 753 299 num
777 254 915 312 Sigeis
937 254 1192 297 occumbere
1214 253 1395 311 campis,

160 328 186 348 “
207 328 331 371 Num
353 328 474 385 capti
496 333 675 385 potuere
699 327 798 384 capi
813 328 834 371 P
870 341 978 369 num
1001 326 1178 369 incensa
1201 325 1415 368 cremavit
1508 326 1596 369 295

159 399 186 421 “
205 400 336 456 Trcja
358 400 469 443 viros
485 401 506 443 Ρ
573 399 743 442 Medias
765 398 879 441 acies
901 396 1156 452 mediosque
1180 411 1258 453 per
1279 397 1401 453 ignes

158 471 183 492 “
203 472 416 514 Invenere
438 471 568 514 viam.
633 470 713 525 At,
738 469 878 523 credo,
902 482 1001 510 mea
1024 468 1210 510 numina
1232 469 1416 511 tandem

157 542 182 563 ‘⁶
202 542 338 585 Fessa
355 542 520 598 jacent,
544 541 654 584 odiis
677 546 756 582 aut
779 544 1037 582 exsaturata
1059 539 1281 595 quievi.—

157 614 186 636 “
208 615 325 668 Quin
347 614 485 656 etiam
507 613 651 670 patria
673 626 876 654 excussos
898 610 1061 653 infesta
1084 625 1161 666 per
1181 611 1324 653 undas

156 685 183 705 ‘⁴
200 686 325 727 Ausa
350 678 489 740 sequi,
514 688 559 725 et
582 682 778 739 profugis
800 686 896 724 toto
918 696 987 723 mc
1010 695 1228 737 opponere
1251 685 1398 737 ponto.
1507 680 1596 722 300

155 756 183 776 ‘⁶
201 756 453 799 Absumtae
475 755 521 797 in
546 752 735 797 Teucros
756 753 868 795 vires
890 752 1084 808 coelique
1109 752 1339 808 marisque.

155 826 184 846 ‘⁴
205 827 323 880 Quid
349 827 497 883 Syrtes
520 831 599 868 aut
625 825 773 881 Scylla
795 824 920 879 mihi,
945 824 1053 880 quid
1074 828 1201 866 vasta
1226 823 1474 880 Charybdis

155 898 181 918 “
202 898 378 941 Profuit
398 899 419 941 Ρ
486 897 655 954 Optato
677 897 929 940 conduntur
952 895 1189 952 Thybridis
1214 896 1350 951 alveo,

113 969 181 1032 ἐς
203 970 353 1013 Securi
375 969 520 1026 pelagi
541 974 678 1026 atque
700 969 798 1012 mei.
865 968 983 1011 Mars
1005 968 1181 1025 perdere
1203 972 1383 1025 gentem

108 1030 111 1031 ⁷
153 1041 179 1062 ·'‘
199 1042 449 1083 Immanem
472 1041 716 1098 Lapithum
737 1040 880 1083 valuit
896 1054 907 1095 ;
942 1039 1154 1083 concessit
1176 1039 1223 1081 in
1244 1039 1330 1082 iras
1505 1040 1593 1083 305

154 1112 181 1134 “
201 1113 304 1169 Ipse
326 1113 460 1155 deum
483 1112 714 1168 antiquam
737 1111 908 1167 genitor
931 1110 1157 1167 Calydona
1182 1110 1380 1154 Dianae:
1441 1107 1552 1165 [tem
1569 1111 1590 1154 Ρ

154 1183 180 1204 “
201 1184 326 1237 Quod
350 1184 489 1226 scelus
511 1188 590 1226 aut
613 1183 830 1240 Lapithas
852 1188 1045 1238 tantum‚
1071 1187 1150 1225 aut
1175 1180 1400 1238 Calydona
1422 1196 1592 1225 meren-

153 1253 283 1297 “Ast
306 1269 399 1311 ego,
424 1268 584 1310 magna
607 1253 638 1296 J
643 1253 732 1296 ovis
756 1253 932 1309 conjux,
958 1253 1021 1295 nil
1042 1253 1240 1309 linquere
1262 1253 1472 1295 inausum

154 1323 182 1345 ‘⁶
203 1325 326 1378 Quae
348 1324 475 1382 potui
497 1324 665 1380 infelix,
691 1338 804 1380 quae
827 1329 991 1366 memet
1014 1323 1060 1365 in
1083 1323 1230 1366 omnia
1251 1324 1376 1380 verti,
1503 1325 1590 1367 309

86 1435 91 1440 .
155 1395 426 1438 “Vincerab
438 1395 616 1439 Aenea!
644 1396 768 1448 Quod
782 1394 817 1437 si
828 1409 926 1436 inea
937 1394 1331 1438 numinanonsunt
1348 1393 1588 1451 [quamest.

151 1465 179 1487 ‘⁶
198 1466 363 1523 Magna
400 1468 518 1520 satis,
555 1466 756 1508 dubitem
771 1465 892 1508 haud
906 1465 1112 1521 equidem
1128 1465 1359 1523 implorare
1377 1466 1495 1522 quod
1512 1480 1587 1509 us-

151 1537 396 1580 “Flectere
420 1537 454 1579 si
477 1551 644 1593 nequeo
680 1536 886 1591 Superos,
919 1536 1175 1580 Acheronta
1197 1537 1392 1580 movebo.
1503 1538 1589 1580 312

150 1608 176 1627 “
198 1608 299 1650 Non
317 1608 497 1650 dabit-ur
518 1607 674 1664 regnis,
700 1612 806 1663 esto,
831 1607 1058 1664 prohibere
1082 1607 1273 1663 Latinis,

149 1679 175 1699 ‘⁴
197 1680 348 1736 Atque
372 1680 560 1722 immota
582 1683 735 1722 manet
757 1679 860 1722 fatis
883 1679 1069 1722 Lavinia
1091 1679 1254 1736 conjux
1274 1694 1285 1734 ;

150 1749 177 1770 ‘⁶
195 1750 261 1793 At
284 1751 455 1793 trahere
479 1756 613 1807 atque
635 1766 778 1794 moras
802 1751 938 1794 tantis
960 1751 1063 1794 lieet
1086 1752 1243 1795 addere
1266 1751 1410 1806 rebus7
1498 1752 1585 1794 315

151 1821 177 1841 ‘⁶
197 1821 263 1863 At
285 1822 389 1863 licet
412 1823 640 1864 amborum
663 1823 847 1878 populos
870 1822 1121 1865 exscindere
1143 1837 1308 1879 regum.

149 1891 174 1911 ‘⁶
195 1891 292 1934 Hae
315 1906 451 1948 gener
471 1897 605 1947 atque
629 1906 748 1934 socer
769 1896 929 1934 coeant
952 1893 1149 1934 mercede
1172 1906 1361 1935 suorum.

148 1961 175 1981 ‘⁴
197 1962 419 2018 Sanguine
444 1960 631 2017 Trojano
653 1967 698 2003 et
721 1961 891 2003 Rutulo
913 1961 1137 2017 dotabcre,
1159 1961 1293 2018 virgo,

147 2031 174 2053 ‘⁶
194 2032 255 2075 Et
280 2032 462 2075 Bellona
483 2036 634 2074 manet
659 2037 703 2074 te
725 2032 935 2088 pronuba.
1001 2032 1095 2075 Nec
1117 2033 1213 2076 face
1237 2038 1419 2076 tantun]

146 2104 172 2124 ‘⁴
195 2104 356 2152 Cisseis
378 2118 622 2160 praegnans
644 2103 766 2160 ignes
789 2103 919 2146 enixa
935 2103 1107 2160 jugales
1129 2118 1140 2158 ;
1499 2105 1586 2147 320

145 2175 172 2196 ‘⁴
191 2175 308 2228 Quin
330 2175 446 2218 idem
469 2174 630 2217 Veneri
652 2179 808 2231 partus
831 2189 935 2217 suus
959 2181 1004 2217 ct
1028 2174 1153 2217 Paris
1175 2175 1301 2232 alter,

145 2247 171 2267 ‘⁶
189 2247 502 2302 Funcstaeque
525 2246 691 2289 iterum
713 2246 901 2289 recidiva
922 2246 968 2288 iu
994 2246 1210 2304 Pergama
1234 2247 1401 2290 tacdae.
1421 2248 1430 2259 '

144 2319 265 2361 Haec
288 2318 365 2361 ubi
397 2319 516 2361 dicta
545 2317 682 2371 dedit,
715 2323 849 2360 terras
872 2318 1084 2361 horrenda
1106 2318 1282 2375 petivit.

143 2389 408 2433 Luctificam
425 2390 603 2433 Allecto
624 2389 819 2432 dirarum
842 2390 898 2431 ab
922 2391 1020 2432 sede
1043 2390 1223 2432 dearum

142 2460 415 2516 Infernisquo
439 2461 527 2502 ciet
548 2460 753 2514 tenebris,
779 2460 850 2501 cui
873 2459 1021 2503 tristia
1042 2461 1160 2503 bella
1495 2460 1583 2504 325

143 2531 325 2587 Iraeque
349 2531 618 2587 insidiaeque
641 2536 685 2573 ct
709 2530 890 2572 crimina
914 2531 1044 2573 noxia
1066 2530 1195 2574 cordi.

145 2601 253 2645 Odit
277 2607 321 2644 et
346 2602 438 2659 ipse
461 2608 587 2659 pater
612 2602 791 2655 Pluton,
817 2602 940 2644 odere
963 2616 1126 2645 sorores
