1731 2923
586 132 819 163 AENEmos
851 134 937 164 ΜΒ.
973 134 1001 164 1.
1450 124 1504 169 17

70 239 142 285 Sic
164 240 242 296 ait,
267 243 401 297 atque
424 239 623 283 animum
645 240 821 297 pictura
842 241 986 298 pascit
1008 241 1144 298 inani,

68 310 216 353 Multa
239 325 432 367 gemens,
455 311 664 367 largoque
688 311 919 355 humectat
940 312 1124 356 flumine
1147 314 1338 358 vultum.
1419 315 1506 360 465

67 380 273 438 Namque
295 381 489 437 videbat,
513 382 587 424 uti
607 382 821 425 bellantes
844 374 1061 440 Pergama
1083 383 1250 426 circum

68 451 165 494 Hac
187 452 390 508 fugerent
414 451 552 508 Graii,
575 457 794 508 premeret
818 452 1007 509 Trojana
1023 453 1233 509 juventus
1253 469 1264 509 3

68 522 166 565 Hac
191 522 400 579 Phryges,
424 522 613 565 instaret
636 538 767 566 curru
789 523 998 566 cristatus
1021 524 1232 568 Achilles.

67 593 162 637 Nec
185 594 339 650 procul
359 593 460 637 hinc
485 594 621 637 Rhesi
643 595 780 638 niveis
803 595 994 638 tentoria
1016 596 1125 639 velis

67 664 285 721 Agnoscit
305 665 554 722 lacrimans,
578 666 720 723 primo
743 681 856 723 quae
889 667 1064 725 prodita
1087 683 1237 711 somno
1421 668 1508 712 470

69 735 262 792 Tydides
283 737 428 779 multa
449 737 654 781 vastabat
675 739 808 781 caede
830 745 1052 795 cruentus,

70 807 377 864 Ardentesque
400 808 561 851 avertit
584 823 716 865 equos
736 809 783 852 in
806 815 962 865 castra,
987 810 1249 867 priusquam

68 879 244 921 Pabula
264 884 518 935 gustassent
544 879 699 935 Trojae
722 880 1050 937 Xanthumque
1072 881 1296 926 bibissent.

70 950 209 993 Parte
230 950 317 993 alia
337 950 510 1007 fugiens
533 950 703 993 amissis
727 950 900 993 Troilus
922 952 1068 1006 armis,

68 1022 230 1065 Infelix
254 1036 363 1079 puer
384 1026 522 1078 atque
544 1021 688 1078 impar
709 1036 964 1078 congressus
985 1022 1166 1078 Achilli,
1420 1021 1509 1066 475

67 1094 230 1137 Fertur
252 1094 389 1151 equis,
414 1108 631 1151 curruque
653 1093 804 1137 haeret
826 1094 1057 1152 resupinus
1077 1094 1213 1150 inani,

68 1165 181 1208 Lora
203 1171 357 1209 tenens
380 1171 557 1210 tamen:
592 1166 694 1209 huic
717 1167 950 1223 cervixque
972 1182 1208 1224 comaeque
1232 1167 1476 1210 trahuntur

70 1237 156 1279 Per
176 1242 355 1293 terram,
380 1243 423 1280 et
447 1252 566 1281 versa
589 1239 736 1295 pulvis
758 1238 1015 1282 inscribitur
1034 1239 1176 1284 hasta.

70 1308 248 1351 Interea
269 1308 326 1351 ad
349 1309 568 1365 templum
589 1324 678 1352 non
699 1324 868 1366 aequae
891 1310 1088 1354 Palladis
1104 1310 1231 1353 ibant

71 1379 277 1424 Crinibus
299 1379 463 1423 Iliades
484 1381 641 1437 passis,
667 1382 938 1439 peplumque
959 1382 1176 1438 ferebant,
1424 1381 1511 1425 480

73 1451 346 1508 Suppliciter
366 1451 517 1496 tristes
542 1458 587 1495 et
610 1458 769 1496 tunsae
790 1459 969 1510 pectora
991 1453 1152 1510 palmis
1174 1468 1186 1508 ;

19 1568 22 1572 ,
72 1522 189 1565 Diva
210 1523 301 1566 solo
323 1522 434 1566 fixos
458 1524 606 1567 oculos
629 1539 779 1566 aversa
801 1525 996 1568 tenebat.

73 1593 159 1636 Ter
180 1593 346 1637 circum
368 1594 527 1637 Iliacos
549 1599 804 1651 raptaverat
829 1595 1023 1637 Hectora
1046 1609 1195 1637 muros

70 1665 433 1721 Exanimumque
455 1680 562 1708 auro
584 1680 741 1722 corpus
763 1665 983 1708 vendebat
1005 1666 1218 1721 Achilles,

73 1737 193 1780 Tum
214 1751 314 1779 vero
336 1737 562 1793 ingentem
585 1737 803 1793 gemitum
825 1737 903 1780 dat
925 1742 1100 1794 pectore
1123 1737 1178 1779 ab
1196 1737 1298 1792 imo,
1423 1736 1512 1780 485

73 1808 142 1852 Ut
165 1808 318 1865 spolia,
342 1813 395 1851 ut
419 1822 586 1864 currus,
610 1813 750 1864 utque
772 1808 921 1865 ipsum
942 1823 1098 1865 corpus
1120 1808 1265 1863 amici,

73 1879 438 1936 Tendentemque
459 1894 618 1923 manus
636 1879 867 1922 Priamum
888 1878 1117 1936 conspexit
1141 1879 1340 1923 inermes.
1376 1913 1379 1915 -

75 1950 129 1993 Se
147 1964 320 2007 quoque
342 1949 613 2007 principibus
635 1950 910 2007 permixtum
932 1950 1111 2007 agnovit
1133 1949 1331 2006 Achivis,

73 2020 278 2077 ansque
300 2020 415 2063 acies
437 2025 482 2063 et
507 2020 618 2078 nigri
641 2020 890 2064 Memnonis
912 2035 1045 2065 arma.

75 2091 212 2134 Ducit
227 2091 554 2136 Amazonidum
575 2092 740 2136 lunatis
762 2092 940 2149 agmina
962 2092 1093 2149 peltis
1426 2091 1515 2136 490

77 2162 356 2205 Penthesilea
376 2163 538 2218 furens,
562 2163 805 2219 mediisque
827 2163 874 2206 in
894 2163 1092 2206 millibus
1115 2163 1256 2218 ardet,

78 2233 223 2277 Aurea
245 2233 509 2276 subnectens
531 2239 728 2276 exsertae
751 2233 930 2290 cingula
951 2248 1188 2288 mammae,

77 2303 308 2361 BellatriX,
333 2305 556 2360 audetque
580 2304 682 2347 viris
705 2318 954 2347 concurrere
977 2304 1110 2360 virgo.

168 2375 291 2418 Haec
313 2376 422 2418 dum
445 2375 669 2418 Dardanio
692 2375 870 2418 Aeneae
892 2375 1093 2418 miranda
1114 2374 1334 2430 videntur,

79 2448 202 2492 Dum
224 2453 375 2505 stupet
397 2448 647 2504 obtutuque
668 2448 818 2490 haeret
840 2447 1011 2490 defixus
1032 2447 1080 2489 in
1100 2460 1188 2489 uno
1209 2460 1221 2500 3
1427 2444 1516 2489 495

80 2519 248 2577 Regina
269 2520 328 2563 ad
348 2520 582 2577 templum,
604 2518 744 2562 forma
764 2518 1060 2575 pulcherrima
1082 2517 1215 2573 Dido,

82 2590 280 2647 Incessit,
303 2605 466 2648 magna
483 2589 700 2647 juvenum
723 2589 917 2646 stipante
940 2594 1126 2633 caterva.
