1731 2923
580 128 811 159 AENmDos
842 131 928 162 ΜΒ.
964 133 1027 164 1v.
1471 125 1528 172 '73

97 231 125 253 “
146 233 272 276 Solus
294 233 363 277 hic
387 233 560 278 inflexit
583 250 747 293 sensus,
772 238 1058 296 animumque
1080 241 1308 286 labantem

95 301 122 323 ‘⁶
140 303 356 359 Impulit:
392 320 577 362 agnosco
600 308 758 350 veteris
781 309 966 366 vestigia
988 311 1203 357 flammae.

94 375 122 395 ‘⁶
142 375 227 418 Sed
251 377 360 419 mihi
381 379 451 420 vel
473 379 605 422 tellus
627 385 778 436 optem
801 382 923 438 prius
944 383 1034 426 ima
1056 385 1268 442 dehiscat,

94 446 121 467 ‘⁶
142 446 226 489 Vel
247 453 375 503 pater
396 450 672 506 omnipotens
694 453 844 510 adigat
866 468 935 497 me
957 455 1143 499 fulmine
1165 459 1221 500 ad
1243 460 1433 515 umbras,
1467 462 1525 505 25

58 566 61 568 v
92 517 121 538 ‘⁴
140 518 365 563 Pallentes
388 522 566 565 umbras
589 523 722 566 Erebi
744 532 1005 584 noctemque
1027 530 1307 587 profundam,

93 587 121 608 ‘⁶
137 588 273 645 Ante,
299 591 461 647 Pudor,
487 607 623 648 quam
645 600 689 637 te
712 596 823 638 violo
845 603 924 640 aut
949 604 1027 641 tua
1044 599 1144 656 jura
1166 603 1340 645 resolvo.

92 658 120 680 “
138 659 220 703 Ille
243 676 375 717 meos,
400 663 566 718 primus
589 665 668 721 qui
689 681 758 708 me
783 668 865 710 sibi
880 668 1049 726 junxit,
1075 686 1242 715 amores

91 729 119 751 “
134 731 363 777 Abstulit:
397 734 470 777 ille
492 735 655 779 habeat
678 752 826 781 secum
849 748 1075 799 servetque
1099 745 1338 801 sepulcro.'’

91 801 161 845 Sic
184 802 333 859 effata,
359 805 506 848 sinum
527 807 719 852 lacrimis
741 809 942 867 implevit
965 814 1141 860 obortis.
1462 819 1520 861 30

87 872 222 916 Anna
244 875 399 919 refert:
437 876 464 897 “
485 876 522 921 O
547 878 645 921 luce
667 881 808 936 magis
830 882 991 925 dilecta
1014 886 1156 941 sorori,

89 942 118 964 “
138 944 294 987 Solane
316 951 531 1002 perpetua
553 963 748 993 maerens
772 965 945 1008 carpere
962 953 1164 1012 juventa,

88 1013 117 1035 “
132 1014 226 1058 Nec
249 1016 398 1060 dulces
420 1023 561 1074 natos,
586 1019 772 1065 Veneris
794 1037 872 1065 nec
895 1026 1090 1080 praemia
1112 1028 1225 1070 noris
1241 1029 1262 1072 Ρ

88 1085 116 1106 “
131 1086 186 1129 Id
208 1087 399 1131 cinerem
420 1094 499 1132 aut
523 1090 678 1134 Manes
699 1093 838 1136 credis
861 1109 1009 1139 curare
1033 1099 1226 1154 sepultos
1242 1101 1263 1142 ,9

88 1156 114 1177 ‘⁶
132 1157 265 1202 Esto:
301 1173 476 1215 aegram
498 1161 610 1204 nulli
633 1164 856 1218 quondam
878 1166 1033 1210 flexere
1055 1169 1220 1226 mariti,
1457 1174 1514 1218 35

87 1226 114 1248 “
133 1227 234 1271 Non
256 1229 435 1287 Libyae,
460 1246 546 1274 non
569 1238 673 1275 ante
697 1233 838 1290 Tyr03
872 1237 1105 1294 despectus
1129 1239 1282 1284 Iarbas

86 1298 113 1319 ‘⁶
133 1299 437 1357 Ductoresque
460 1303 547 1358 alii,
573 1319 680 1360 quos
702 1305 855 1349 Africa
876 1313 992 1351 terra
1013 1310 1253 1368 triumphis

85 1369 263 1414 “Dives
286 1372 366 1414 alit
386 1386 395 1416 :
431 1374 651 1430 placitone
675 1377 811 1419 etiam
833 1381 1051 1436 pugnabis
1074 1383 1208 1425 amori
1229 1384 1250 1426 Ρ

84 1439 112 1460 “
131 1440 224 1484 Nec
246 1443 366 1485 venit
387 1443 434 1486 in
456 1450 665 1502 mentem,
691 1462 878 1503 quorum
900 1452 1143 1494 consederis
1167 1453 1280 1496 arvis
1300 1456 1320 1497 P

84 1510 112 1530 ‘⁴
131 1510 248 1554 Hinc
273 1512 489 1557 Gaetulae
510 1516 655 1569 urbes,
679 1532 817 1573 genus
838 1519 1129 1576 insuperabile
1151 1523 1278 1577 bello,
1454 1527 1512 1568 40

84 1580 192 1624 “-Et
214 1582 436 1626 Numidae
458 1585 614 1628 infreni
636 1582 821 1644 cingunt
843 1595 887 1631 et
909 1590 1133 1647 inhospita
1158 1593 1298 1648 Syrtis
1318 1608 1329 1648 ;

83 1651 111 1671 “
130 1652 247 1695 Hinc
270 1654 444 1696 deserta
467 1655 542 1697 siti
564 1657 697 1713 regio,
722 1658 901 1715 lateque
922 1660 1120 1704 furentes

83 1721 109 1742 “
127 1721 318 1767 Barcaei.
385 1725 501 1778 Quid
522 1726 638 1769 bella
662 1728 777 1784 Tyro
800 1731 1025 1787 surgentia
1046 1731 1206 1788 dicam,

82 1792 110 1813 ‘⁶
130 1792 426 1850 Germanique
449 1796 591 1840 minas
611 1799 632 1840 Ρ

82 1863 110 1884 “
125 1863 205 1908 Dis
227 1865 430 1921 equidem
452 1867 705 1924 auspicibus
728 1884 820 1913 reor
841 1876 885 1913 et
909 1871 941 1914 J
944 1887 1087 1915 unone
1110 1875 1300 1918 secunda
1450 1877 1509 1921 45

81 1933 108 1954 “
126 1934 259 1978 Hunc
283 1932 460 1980 cursum
481 1938 641 1981 Iliacas
663 1945 794 1983 vento
815 1942 1006 1986 tenuisse
1029 1944 1207 1990 carinas.

81 2003 108 2023 ‘⁶
127 2004 269 2057 Quam
293 2011 344 2049 tu
365 2008 532 2063 urbem,
558 2023 688 2065 soror,
711 2010 824 2053 hanc
849 2026 1006 2068 cernes,
1032 2028 1142 2070 quae
1165 2031 1336 2073 surgere
1358 2033 1489 2075 regna

81 2074 108 2094 “
124 2074 334 2133 Conjugio
357 2078 462 2122 tali!
529 2079 750 2123 Teucrsim
772 2082 1084 2127 comitantibus
1107 2086 1253 2142 armis,

81 2143 107 2164 “
126 2145 295 2187 Punica
317 2160 360 2188 se
383 2148 559 2202 quantis
581 2150 757 2192 attollet
779 2150 916 2206 gloria
936 2153 1088 2198 rebus!

81 2215 108 2236 “
128 2216 199 2258 Tu
220 2217 347 2259 modo
369 2232 495 2274 posce
516 2218 618 2261 deos
639 2220 826 2275 veniam,
852 2222 1068 2278 sacrisque
1090 2224 1230 2267 litatis
1449 2229 1508 2271 50

80 2285 109 2306 ⁴‘
127 2286 313 2342 Indulge
336 2286 538 2343 hospitio,
563 2302 802 2345 causasque
824 2290 998 2333 innecte
1021 2294 1232 2349 morandi,

81 2356 109 2376 “
125 2356 247 2399 Dum
268 2357 421 2414 pelago
443 2358 632 2400 desaevit
655 2359 794 2402 hiems
817 2371 861 2402 et
883 2375 1071 2416 aquosus
1097 2361 1244 2419 Orion,

82 2425 109 2446 ‘⁶
126 2426 451 2484 Quassataeque
473 2434 600 2484 rates,
624 2430 733 2472 dum
755 2445 841 2472 non
863 2432 1094 2474 tractabile
1117 2434 1326 2478 coelum.”

80 2497 162 2540 His
185 2498 314 2541 dictis
334 2499 563 2542 incensum
585 2500 782 2543 animum
803 2502 1096 2546 inflammavit
1119 2519 1277 2562 amore,

81 2568 298 2625 Spemque
319 2570 441 2613 dedit
465 2570 622 2613 dubiae
644 2572 797 2628 menti,
824 2573 1037 2629 solvitque
1059 2576 1277 2631 pudorem.
1446 2581 1504 2623 55

503 2641 529 2677 4
