1757 2916
98 134 186 177 140
582 138 812 172 Amnmnos
844 138 931 169 Lm.
966 137 1027 169 VI.

95 255 227 298 Hunc
249 253 397 308 habet,
422 256 556 308 atque
579 248 774 292 humeris
797 251 1051 290 exstantem
1075 244 1259 302 suspicit
1283 242 1425 287 altis-z

98 327 122 348 ‘⁶
143 326 306 381 Dicite,
330 325 476 367 felices
499 323 686 377 animae,
712 326 864 376 tuque,
889 320 1057 375 optime
1079 322 1218 371 vates,

96 398 121 418 ‘⁶
143 398 266 451 Quae
289 395 403 452 regio
427 394 667 447 Anchisen,
693 391 790 447 quis
812 391 947 432 habet
970 389 1090 431 locus
1107 389 1128 431 Ρ
1164 386 1282 428 illius
1306 401 1404 441 ergo
1449 382 1536 428 670

95 469 122 490 “
141 468 357 511 Venimus
380 471 424 508 et
447 479 628 521 magnos
652 462 783 504 Erebi
807 459 1081 503 tranavimus
1104 459 1293 500 amnes.''

95 541 247 596 Atque
270 539 372 580 huic
396 549 654 592 responsum
679 533 833 590 paucis
856 532 922 574 ita
946 530 1134 573 reddidit
1156 530 1282 571 heros
1302 543 1310 571 :

97 612 122 631 ‘⁶
142 609 268 652 Nulli
291 614 410 651 certa
428 608 582 649 domus
600 619 610 658 ;
644 603 755 646 lucis
772 602 1029 644 habitamus
1052 601 1213 656 opacis,

96 682 122 702 ‘⁰‘
161 681 448 737 {iparumque
472 683 587 720 toros
610 681 653 718 et
677 680 807 732 prata
831 673 1020 716 recentia
1043 673 1144 715 rivis

96 752 124 774 ‘⁴
144 752 398 795 Incolimus.
467 749 551 792 Sed
574 763 663 802 vos,
688 748 724 790 si
746 747 831 790 fert
853 747 918 788 ita
941 746 1068 788 corde
1092 745 1313 799 voluntas,
1454 741 1540 787 675

96 824 122 845 “
142 824 239 866 Hoc
263 826 466 879 superate
483 819 671 877 jugum,
708 824 752 862 et
773 818 895 861 facili
911 817 1006 874 jam
1027 816 1211 859 tramite
1236 815 1431 859 sistam.”

95 895 237 951 Dixit,
263 899 307 937 et
330 898 433 936 ante
456 892 564 934 tulit
586 905 797 948 gressum,
823 903 1087 946 camposque
1110 887 1307 930 nitentes

95 967 297 1023 Desuper
319 969 515 1008 ostentat
531 977 542 1018 ;
577 962 735 1005 dehinc
759 976 933 1005 summa
955 960 1184 1004 cacumina
1205 958 1428 1015 linquunt.

95 1037 161 1080 At
185 1041 314 1093 pater
335 1035 554 1078 Anchises
576 1033 753 1090 penitus
777 1033 971 1076 convalle
993 1030 1156 1074 virenti

96 1109 297 1151 Inclusas
319 1107 488 1149 animas
511 1118 808 1161 superumque
830 1104 888 1146 ad
910 1103 1062 1145 lumen
1082 1102 1224 1144 ituras
1452 1099 1542 1143 680

96 1178 342 1222 Lustrabat
366 1176 512 1220 studio
534 1176 738 1230 recolens,
764 1188 1027 1230 omnemque
1051 1186 1233 1216 suorum

96 1249 230 1292 Forte
253 1248 505 1291 recensebat
527 1261 762 1290 numerum
785 1260 994 1301 carosque
1017 1249 1214 1300 nepoteS,

96 1320 302 1377 Fataque
324 1320 612 1375 fortunasque
633 1318 779 1360 virum
800 1331 1027 1373 moresque
1049 1328 1308 1371 manusque.

97 1391 230 1447 Isque
253 1391 331 1433 ubi
354 1391 612 1433 tendentem
634 1390 866 1432 adversum
888 1403 966 1444 per
987 1387 1187 1444 gramina
1207 1385 1325 1428 vidit

99 1463 295 1518 Aenean,
320 1462 476 1504 alacris
498 1461 671 1517 palmas
694 1465 904 1515 utrasque
927 1458 1134 1513 tetendit,
1455 1456 1543 1499 685

98 1533 367 1589 Effusaeque
390 1532 512 1589 genis
535 1531 755 1587 lacrimae,
780 1536 825 1573 et
848 1545 933 1573 vox
955 1529 1120 1572 excidit
1145 1542 1216 1571 ore
1235 1542 1245 1572 :

100 1604 129 1625 ‘⁶
149 1603 329 1646 Venisti
351 1603 545 1658 tandem,
570 1606 739 1658 tuaque
762 1605 1022 1658 exspectata
1044 1599 1220 1657 parenti

97 1675 124 1696 ‘⁶'
145 1675 266 1718 Vicit
288 1674 376 1717 iter
397 1674 559 1716 durum
581 1673 725 1729 pietas
742 1673 763 1716 Ρ
798 1672 931 1714 datur
953 1686 1025 1714 ora
1047 1670 1176 1726 tueri,

97 1747 124 1768 ‘⁶
143 1747 275 1802 Nate,
302 1752 396 1802 tua,
421 1750 466 1788 et
489 1750 616 1808 notas
639 1744 791 1787 audire
814 1750 858 1786 et
881 1743 1059 1786 reddere
1081 1756 1207 1800 voces
1223 1742 1244 1785 Ρ

98 1819 125 1839 “
146 1819 215 1862 Sic
240 1817 446 1874 equidem
467 1817 687 1859 ducebam
708 1815 855 1858 animo
879 1815 1092 1870 rebarque
1114 1814 1335 1868 futurum,
1453 1812 1542 1855 690

98 1890 126 1911 ‘⁶
151 1889 372 1945 Tempora
395 1887 690 1942 dinumerans,
714 1901 794 1929 nec
817 1901 888 1928 me
909 1901 1008 1928 mea
1031 1900 1135 1927 cura
1157 1884 1324 1927 fefellit.

99 1960 126 1982 ‘⁴
146 1961 264 2013 Quas
287 1974 365 2016 ego
387 1963 433 2000 te
456 1964 590 2001 terras
612 1963 657 2000 et
680 1961 850 2013 quanta
871 1971 950 2013 per
971 1970 1160 2012 aequora
1182 1961 1361 1998 vectum

99 2032 125 2052 ‘⁶
144 2030 353 2087 Accipio!
390 2029 571 2086 quantis
587 2029 826 2085 jactatum,
852 2034 969 2083 nate,
995 2028 1168 2085 periclis
1191 2031 1200 2071 Ξ

100 2105 126 2125 “
148 2105 290 2158 Quam
316 2103 469 2158 metui,
493 2117 546 2144 ne
570 2101 676 2158 quid
698 2101 862 2157 Libyae
885 2100 972 2143 tibi
993 2115 1127 2157 regna
1148 2103 1383 2143 nocerent!
1403 2100 1429 2117 ”

99 2176 180 2220 Ille
204 2180 379 2217 autem:
417 2173 445 2194 ‘⁴
466 2173 564 2215 Tua
586 2187 670 2228 me,
695 2172 879 2228 genitor,
898 2176 980 2214 tua
1003 2171 1143 2214 tristis
1166 2170 1327 2227 imago,
1454 2171 1540 2213 695

102 2247 127 2268 “
150 2246 333 2303 Saepius
356 2259 592 2299 occurrens,
617 2244 725 2287 hacc
748 2244 903 2286 limina
927 2244 1107 2286 tendere
1130 2242 1294 2299 adegit.

73 2334 76 2338 ·
102 2318 127 2338 ‘⁴
150 2318 284 2361 Stant
316 2317 407 2360 sale
450 2315 674 2371 Tyrrheno
697 2314 866 2358 classes.
934 2314 1006 2356 Da
1023 2313 1206 2370 jungere
1229 2314 1447 2368 dextram,

102 2389 128 2409 ‘⁶
150 2390 232 2444 Da,
257 2387 442 2446 genitor,
467 2391 601 2442 teque
625 2386 833 2442 amplexu
856 2400 910 2427 ne
934 2385 1144 2428 subtrahe
1166 2385 1358 2428 nost1·0.’'

103 2460 172 2503 Sic
196 2472 440 2501 memorans
463 2457 583 2514 largo
605 2456 717 2498 fletu
740 2456 872 2499 simul
894 2471 969 2499 ora
992 2456 1174 2513 rigabat.

103 2531 190 2572 Ter
212 2535 396 2573 conatus
419 2528 480 2571 ibi
502 2528 611 2571 collo
633 2528 736 2570 darc
758 2527 936 2570 brachia
959 2527 1125 2570 circum
1141 2539 1153 2581 ;
1450 2523 1540 2570 700

103 2602 190 2645 Ter
210 2602 373 2645 frustra
396 2613 650 2657 comprensa
671 2614 829 2642 manus
851 2597 1008 2656 effugit
1030 2597 1190 2655 imago,
