1731 2923
621 151 852 181 AENEmos
884 151 971 182 Lm.
1006 150 1067 181 lv.
1508 140 1560 183 81

137 257 369 315 Tempora,
395 258 492 315 quis
514 259 641 301 rebus
664 259 817 301 dexter
837 259 1002 302 modus.
1069 256 1204 301 Ocius
1226 271 1375 300 omnes

135 328 326 385 Imperio
348 330 456 372 laeti
477 333 634 386 parent
658 344 708 371 ac
719 328 843 385 jussa
864 329 1098 372 facessunt.
1476 319 1564 373 295

225 399 289 441 At
313 400 463 457 regina
484 400 726 457 dolos-quis
748 400 896 442 fallere
919 399 1058 456 'possit
1079 404 1304 442 amantem
1323 401 1368 442 Ρ-

134 468 396 526 Praesensit,
420 475 654 528 motusque
677 471 851 527 excepit
875 471 1016 527 prima
1037 470 1224 524 futuros,

136 539 297 583 Omnia
321 546 424 584 tuta
445 542 607 584 timens
627 557 636 585 :
672 542 823 585 eadem
846 542 983 598 impia
1005 541 1148 584 Fama
1169 541 1337 583 furenti

134 610 327 667 Detulit,
352 612 510 654 armari
531 613 712 655 classem
734 627 997 669 cursumque
1020 612 1174 669 parari.

134 682 282 724 Saevit
305 682 430 738 inops
452 682 601 738 animi,
624 687 853 739 totamque
876 682 1053 725 incensa
1074 697 1150 739 pcr
1171 682 1324 724 urbem
1475 683 1563 725 000

134 751 397 808 Bacchatur,
423 753 565 809 qualis
588 756 815 797 commotis
839 755 984 797 excita
1008 755 1138 797 sacris

133 821 310 878 Thyias,
334 823 411 865 ubi
433 824 584 866 audito
607 824 837 867 stimulant
860 825 1080 867 trieterica
1103 825 1276 868 Baccho

132 891 266 948 Orgia
288 898 615 949 nocturnusque
637 900 765 936 vocat
783 895 968 936 clamore
992 895 1237 938 Cithaeron.

131 961 330 1004 Tandem
352 962 419 1005 his
442 963 624 1005 Aenean
646 964 880 1019 compellat
902 964 1079 1007 vocibus
1100 965 1214 1007 ultro
1232 979 1241 1008 :

130 1030 158 1052 “
176 1031 466 1075 Dissimulare
489 1032 625 1075 etiam
649 1033 846 1090 sperasti,
871 1033 1049 1090 perfide,
1074 1039 1252 1076 tantum
1471 1037 1558 1079 305

130 1100 157 1121 “
176 1101 309 1144 Posse
332 1102 465 1158 nefas,
492 1103 744 1159 tacitusque
766 1117 864 1145 mea
886 1103 1092 1146 decedere
1114 1108 1257 1159 terra3

128 1170 157 1192 ‘⁶
176 1172 269 1215 Nec
294 1178 338 1215 te
360 1178 507 1216 noster
527 1188 661 1229 amor,
687 1188 767 1216 1166
789 1178 834 1216 16
856 1174 962 1216 data
985 1175 1165 1216 dextera
1188 1174 1424 1231 quondam,

127 1241 156 1263 “
176 1243 220 1285 N
223 1258 270 1286 ec
294 1244 502 1286 moritura
525 1250 647 1287 tenet
671 1245 835 1287 crudeli
857 1244 1007 1287 funere
1030 1242 1147 1287 Dido
1162 1246 1183 1288 Ρ

127 1313 157 1335 “
174 1315 291 1367 Quin
314 1315 449 1358 etiam
471 1316 649 1359 hiberno
670 1316 832 1359 moliris
856 1316 991 1359 sidere
1013 1316 1213 1372 classem,

127 1383 154 1405 ‘⁶
174 1386 234 1427 Et
258 1386 412 1429 mediis
435 1401 637 1444 properas
660 1386 956 1443 Aquilonibus
977 1387 1037 1429 ire
1059 1402 1135 1444 per
1156 1388 1313 1442 altum,
1468 1388 1557 1430 310

127 1453 156 1476 ‘⁶
173 1455 369 1499 Crudelis
391 1458 412 1500 Ρ
480 1457 611 1513 Quid,
637 1457 672 1500 si
693 1472 779 1500 non
802 1473 904 1500 arva
926 1458 1067 1500 aliena
1089 1459 1325 1513 domosque

129 1525 156 1545 ‘⁶
174 1526 357 1582 Ignotas
379 1532 561 1582 peteres,
587 1533 631 1570 et
655 1528 784 1584 Troja
806 1528 991 1583 antiqua
1013 1534 1223 1583 maneret,

131 1595 158 1616 ‘⁶
177 1596 307 1652 Troja
329 1611 406 1653 per
426 1598 644 1639 undosum
665 1602 891 1654 peteretur
912 1598 1120 1640 classibus
1142 1612 1303 1653 aequor
1321 1600 1342 1640 Ρ

126 1665 154 1686 ‘⁶
174 1665 303 1708 Mene
325 1667 442 1723 fugis
457 1668 478 1710 P
514 1667 600 1709 Pcr
621 1682 698 1724 ego
720 1667 799 1710 has
816 1667 1015 1709 lacrimas
1038 1667 1325 1723 dextramque
1344 1673 1472 1710 tuam
1489 1673 1554 1711 tc-

126 1735 157 1758 “
177 1737 361 1789 Quando
384 1738 505 1780 aliud
526 1730 636 1779 mihi
651 1737 745 1793 jam
766 1738 947 1780 miserae
971 1738 1080 1779 nihil
1101 1737 1196 1794 ipsa
1219 1738 1408 1794 reliqui-,
1465 1740 1554 1783 315

123 1806 152 1828 ‘⁶
169 1807 256 1850 Per
277 1808 495 1850 connubia
515 1813 678 1863 nostra,
702 1822 781 1864 per
801 1808 998 1864 inceptos
1020 1808 1312 1864 Hymenaeos,

123 1876 151 1898 ‘⁶
173 1877 219 1921 81
240 1878 350 1920 bene
372 1878 480 1934 quid
502 1878 555 1920 de
577 1883 622 1920 16
646 1877 796 1933 merui,
821 1877 908 1920 fuit
930 1883 1008 1920 aut
1031 1878 1113 1920 tibi
1135 1878 1379 1934 quidquam

126 1946 154 1968 “
173 1947 317 1990 Dulce
339 1962 503 2004 meum,
527 1948 725 1990 miserere
746 1948 901 1990 domus
923 1947 1109 1990 labentis
1133 1952 1179 1990 et
1201 1948 1348 2003 istam,

125 2016 152 2037 ‘⁶
172 2016 270 2073 Orc,
295 2017 331 2060 si
352 2017 450 2073 quis
472 2018 615 2060 adhuc
637 2017 836 2074 precibus
857 2018 990 2073 locus,
1015 2031 1126 2060 exue
1148 2023 1355 2061 mentem.

124 2086 153 2108 “
174 2087 236 2129 Te
259 2093 436 2144 propter
456 2088 645 2143 Libycae
667 2093 818 2145 gentes
840 2088 1178 2144 Nomadumque
1201 2088 1378 2144 tyranni
1460 2088 1552 2131 320

126 2157 152 2178 ‘⁶
173 2157 328 2214 Odere,
352 2158 511 2201 infensi
534 2158 682 2213 Tyrii;
716 2164 763 2200 te
786 2164 963 2214 proptor
984 2159 1185 2201 eumdem

123 2227 154 2250 “
172 2228 437 2271 Exstinctus
459 2229 599 2284 pudor
621 2234 678 2283 et,
704 2242 792 2283 qua
813 2229 903 2270 sola
927 2228 1065 2271 sidera
1087 2228 1278 2282 adibam,

123 2298 150 2320 “
170 2298 312 2340 Fama
334 2300 459 2355 pri0r.
526 2298 610 2342 Oui
631 2312 700 2340 me
723 2298 1030 2340 moribundam
1052 2298 1222 2352 deseris,
1246 2297 1416 2354 hospes,

122 2368 149 2388 “
168 2369 263 2411 Hoc
287 2369 428 2411 solum
450 2383 606 2410 nomen
629 2368 835 2424 quoniam
857 2368 910 2409 de
932 2367 1114 2423 conjuge
1136 2368 1308 2410 restat?

123 2438 150 2459 ‘⁶
170 2438 285 2492 Quid
304 2453 445 2481 moror
463 2440 485 2481 P
520 2453 590 2493 an,
607 2452 704 2480 mea
723 2437 983 2494 Pygmalion
999 2438 1106 2479 dum
1124 2438 1294 2479 moenia
1310 2437 1445 2480 frater
1461 2439 1548 2482 325

60 2498 63 2501 ’
123 2509 150 2531 “
169 2509 399 2565 Destruat,
423 2514 500 2552 aut
525 2514 701 2566 captam
724 2509 858 2551 ducat
882 2508 1099 2551 Gaetulus
1122 2508 1274 2550 Iarbas
1294 2510 1315 2551 ‚9

123 2579 150 2602 “
172 2580 338 2624 Saltem
361 2580 397 2623 si
420 2580 636 2636 quamihi
658 2580 710 2622 de
733 2584 777 2622 te
801 2584 1002 2636 suscepta
1023 2579 1178 2622 fuisset

376 2649 424 2686 ξιξ
