1757 2916
145 129 232 172 124
627 143 855 174 Anumnos
889 144 975 175 LlB.
1011 143 1072 175 VI.

144 250 327 294 Talibus
349 251 502 294 orabat
525 252 670 308 dictis,
696 267 880 308 arasque
903 253 1098 308 tenebat,

145 323 293 376 Quum
312 323 370 366 510
394 338 488 366 orsa
509 324 630 380 loqui
652 329 775 366 vates
796 339 804 367 :
843 323 870 344 ‘⁶
887 325 996 370 sate
1020 325 1231 381 sanguine
1254 324 1425 380 divum,
1493 324 1582 368 125

143 395 171 415 ‘⁶'
189 395 296 438 Tros
320 395 603 450 Anchisiade,
628 395 769 438 facilis
792 396 1027 439 descensus
1051 396 1227 439 Averno
1248 411 1257 440 :

145 465 172 487 “
193 466 359 510 Noctes
382 471 516 523 atque
539 467 631 509 dies
654 472 780 523 patet
803 467 889 509 atri
906 467 1045 523 janua
1068 467 1216 522 Ditis3

144 538 171 558 ‘⁸
193 539 278 582 sed
302 553 500 581 revocare
524 539 709 595 gradum
733 552 999 595 superasque
1022 540 1204 581 evadere
1228 540 1285 581 ad
1307 554 1448 595 auras,

143 609 171 630 “
190 609 287 652 Hoc
311 624 433 666 011115,
459 609 529 652 1110
552 610 673 652 labor
695 615 786 653 est:
822 611 965 666 pauci,
991 624 1100 666 quos
1123 625 1291 666 aequus
1315 611 1481 653 amavit

145 680 367 737 “Jupiter
389 686 469 723 aut
491 681 649 723 ardens
672 680 818 723 evexit
840 681 897 724 ad
921 682 1100 724 aethera
1123 682 1278 737 virtus,
1498 682 1584 723 130

143 750 168 770 ‘⁶
190 751 271 793 Dis
293 751 433 807 geniti
454 756 648 808 potuere.
717 751 890 795 Tenent
912 752 1059 795 media
1082 752 1229 795 omnia
1251 753 1400 808 silvae,

143 821 169 841 ‘⁴
191 820 464 878 Cocytosque
488 822 587 865 sinu
608 822 762 865 labens
785 823 1074 866 circumvenit
1097 829 1203 868 atro.

142 893 168 913 ‘⁴
191 893 318 947 Quod
342 894 376 936 si
400 898 555 937 tantus
578 909 701 937 amor
721 894 877 951 menti,
902 895 938 938 si
960 900 1089 938 tanta
1111 896 1271 953 cupido
1294 901 1361 939 est

142 964 168 985 ‘⁶
189 965 267 1008 Bis
292 965 467 1022 Stygios
488 965 639 1008 innare
661 966 797 1022 lacus,
821 967 888 1010 bis
911 967 1035 1024 nigra
1057 967 1204 1010 videre

143 1036 167 1056 “
187 1035 388 1092 Tartara,
414 1042 459 1080 et
480 1037 634 1080 insano
650 1037 781 1094 juvat
803 1037 1029 1095 indulgere
1052 1039 1189 1082 labori
1205 1053 1216 1094 3
1495 1040 1582 1083 135

142 1107 170 1128 “
188 1107 369 1164 Accipe,
394 1123 506 1165 quae
529 1109 778 1166 peragenda
801 1109 932 1166 prius.
999 1110 1135 1153 Latet
1158 1111 1308 1153 arbore
1331 1126 1468 1168 opaca

143 1178 361 1222 “Aureus
383 1185 428 1222 et
451 1179 566 1223 foliis
588 1185 633 1223 et
657 1181 777 1223 lento
799 1180 961 1224 vimine
985 1196 1144 1237 ramus,

143 1249 170 1270 ‘⁶
190 1249 359 1292 Junoni
382 1250 574 1293 infernae
597 1251 743 1294 dictus
767 1266 914 1307 sacer3
948 1252 1066 1295 1111110
1089 1253 1203 1310 tegit
1226 1252 1368 1296 omnis

143 1321 169 1342 “
187 1321 350 1377 Lucus,
376 1327 420 1364 et
444 1323 636 1366 obscuris
658 1323 874 1366 claudunt
898 1324 1169 1367 convallibus
1192 1324 1386 1368 umbrae.

143 1392 169 1413 ‘⁶
190 1393 276 1436 Sed
299 1407 385 1435 non
408 1399 511 1436 ante
535 1395 667 1436 datur
688 1394 860 1437 telluris
882 1400 1033 1451 operta
1057 1395 1215 1451 subire,
1495 1394 1581 1438 140

142 1463 169 1484 “
189 1463 449 1508 Α11110011105
473 1478 608 1519 quam
632 1464 709 1520 qui
730 1465 993 1521 decerpserit
1017 1466 1165 1509 arbore
1187 1466 1306 1510 fetus
1327 1481 1336 1511 :

142 1534 168 1554 ‘⁴
185 1534 280 1576 Hoc
305 1534 387 1577 sibi
410 1535 594 1591 pulchra
617 1550 748 1578 suum
769 1535 870 1578 ferri
893 1536 1154 1593 Proserpina
1176 1552 1339 1580 munus

141 1605 168 1626 ‘⁶
188 1605 408 1649 Instituit.
475 1605 626 1649 Primo
649 1607 802 1650 avulso
824 1622 912 1650 non
934 1608 1084 1651 deficit
1107 1609 1220 1651 alter

140 1675 166 1696 “
182 1675 373 1732 Aureus,
398 1681 442 1719 et
465 1676 597 1719 simili
617 1676 857 1720 frondescit
879 1678 1001 1736 virga
1023 1679 1217 1724 metallo,

141 1746 168 1768 ‘⁴
187 1747 304 1804 Ergo
327 1747 417 1790 alte
439 1748 607 1805 vestiga
629 1748 780 1804 0011115,
806 1756 851 1791 01
873 1749 958 1792 1110
982 1755 1206 1807 repertum
1492 1751 1580 1796 145

141 1818 168 1839 ‘⁴
189 1818 331 1874 Carpe
354 1833 490 1861 manu
511 1833 520 1862 :
555 1834 746 1875 namque
767 1820 861 1876 ipse
883 1821 1031 1864 volens
1052 1821 1280 1878 facilisque
1305 1827 1526 1878 sequetur,

140 1888 167 1909 ‘⁶
189 1888 236 1931 Si
257 1894 302 1930 te
324 1888 421 1930 fata
443 1894 601 1931 vocant
617 1903 628 1943 ;
664 1890 795 1932 aliter
815 1905 903 1933 non
924 1891 1091 1934 viribus
1114 1892 1217 1934 ullis

141 1958 166 1978 “
186 1958 386 2014 Vincere,
410 1972 489 2001 nec
513 1959 621 2002 duro
643 1960 803 2016 poteris
826 1962 1066 2005 convellere
1089 1963 1212 2007 ferro,

158 2029 168 2050 ‘
190 2029 424 2072 Praeterea
441 2029 562 2085 jacet
586 2030 844 2073 exanimum
866 2032 951 2075 tibi
973 2047 1128 2091 eorpus
1151 2034 1304 2077 amici-

140 2100 168 2121 ·‘
188 2100 291 2142 Heu
314 2100 453 2143 neseis
471 2104 518 2156 !-,
543 2105 774 2157 totamque
797 2092 987 2146 incestat
1012 2105 1160 2148 funere
1183 2106 1383 2163 classem,
1492 2109 1578 2152 150

139 2171 166 2192 “
186 2171 310 2214 Dum
334 2172 536 2214 consulta
559 2172 673 2228 petis
696 2179 929 2230 nostroque
952 2175 998 2218 in
1022 2176 1174 2219 limine
1198 2179 1370 2234 pendes.

138 2243 165 2264 ⁶⁴
188 2243 374 2286 Sedibus
396 2243 513 2286 hunc
537 2244 645 2287 refer
668 2250 773 2286 ante
797 2246 884 2289 suis
907 2252 951 2290 01
975 2248 1111 2290 conde
1135 2249 1343 2305 sepulcro,

138 2313 165 2336 ‘⁶
187 2314 287 2356 Duc
310 2314 455 2370 nigras
477 2315 692 2370 pecudes:
729 2330 779 2357 ea
802 2316 948 2372 prima
971 2318 1146 2374 piacula
1168 2325 1311 2364 sunto,

139 2385 166 2406 ‘⁶
188 2385 259 2429 Sic
282 2386 462 2428 demum
485 2386 606 2428 lucos
631 2386 778 2443 Stygis
802 2393 845 2430 01
870 2404 1001 2445 regna
1023 2389 1142 2433 invia
1163 2389 1274 2434 vivis

138 2456 165 2478 ⁸‘
185 2457 456 2514 Adspicies.”
522 2456 666 2511 Dixit,
691 2472 921 2515 1110550111ιο
944 2461 1173 2504 obmutuit
1196 2475 1279 2505 ore.
1491 2463 1574 2507 155

225 2528 399 2571 Aeneas
420 2532 587 2571 maesto
609 2528 780 2571 defixus
801 2530 972 2574 lumina
993 2532 1123 2575 vultu

136 2597 408 2655 Ingreditur,
432 2598 636 2656 linquens
658 2605 852 2657 antrum,
876 2616 1112 2660 caecosque
1135 2603 1310 2647 volutat

1613 1318 1638 1346 ⁹6
