1731 2923
701 161 932 192 AENEIDOS
963 162 1049 194 LIB.
1084 163 1164 194 VII.

155 262 157 267 ’
219 269 408 325 Turnus,
433 268 525 312 avis
542 269 772 326 atavisque
794 274 978 326 potens:
1014 285 1146 327 quem
1168 271 1286 328 regia
1309 273 1471 330 conjux

217 340 418 397 Adjungi
439 355 648 398 generum
670 341 780 383 miro
802 342 1064 398 properabat
1087 357 1232 385 amore
1253 357 1264 397 3

219 411 304 454 Sed
325 411 455 454 variis
477 417 683 468 portenta
705 412 838 455 deum
861 413 1097 456 terroribus
1119 414 1309 458 obstant.

216 483 388 526 Laurus
412 488 503 525 erat
528 483 638 525 teeti
659 484 816 539 medio,
840 484 887 526 in
909 485 1206 541 penetralibus
1229 486 1347 542 altis,

219 555 348 598 Sacra
371 569 553 610 comam,
578 555 830 611 multosque
852 561 976 598 metu
999 562 1171 598 servata
1195 572 1273 613 per
1294 572 1447 613 annos,

218 625 361 678 Quam
383 630 508 680 pater
529 624 771 681 inventam,
797 625 960 681 primas
983 641 1123 682 quum
1146 628 1349 671 conderet
1372 643 1505 684 arces,

218 696 318 752 Ipse
340 696 560 738 ferebatur
583 696 758 738 Phoebo
782 711 971 740 sacrasse
993 697 1197 754 Latinus,

216 766 546 823 Laurentesque
569 767 624 809 ab
646 781 696 809 ea
718 782 877 810 nomen
899 768 1092 824 posuisse
1117 769 1288 813 colonis.

219 836 366 892 Hujus
388 851 492 893 apes
515 851 740 880 summum
761 838 1138 881 densae-mirabile
1161 840 1286 882 dictu
1303 845 1335 885 1-

219 908 410 951 Stridore
431 908 602 964 ingenti
623 908 845 964 liquidum
866 913 989 952 trans
1012 898 1189 952 aethera
1210 916 1377 968 vectae,

220 977 440 1021 Obsedere
462 978 648 1034 apicem,
672 983 732 1034 et,
757 979 941 1035 pedibus
963 994 1039 1036 per
1060 986 1219 1024 mut-ua
1240 982 1378 1038 nexis,

216 1048 420 1090 Examen
441 1048 640 1091 subitum
661 1063 781 1091 ramo
802 1049 1032 1092 frondente
1056 1052 1283 1107 pependit.

219 1118 437 1162 Continuo
459 1124 582 1161 vates
606 1118 633 1139 ‘⁴
648 1119 900 1181 {internum
923 1120 1141 1164 cernimus
1155 1123 1180 1140 '’
1202 1121 1350 1178 inquit

218 1188 246 1209 ‘⁶
263 1189 517 1232 Adventare
539 1189 696 1245 virum,
720 1195 766 1232 et
787 1196 934 1247 partes
955 1197 1104 1248 petere
1127 1207 1285 1251 agmen
1308 1195 1482 1237 easdem

218 1260 246 1281 ‘⁴
264 1260 474 1317 Partibus
498 1274 553 1302 ex
574 1261 726 1316 isdem,
752 1267 797 1303 et
820 1276 992 1304 summa
1014 1252 1439 1310 dominarierareeff'

218 1332 463 1387 Praeterea,
488 1331 619 1374 castis
642 1332 786 1374 adolet
808 1333 916 1374 dum
938 1333 1094 1376 altaria
1117 1335 1273 1391 taedis,

219 1402 286 1445 Ut
303 1402 435 1458 juxta
457 1401 696 1459 genitorem
719 1403 870 1445 adstat
895 1403 1080 1446 Lavinia
1100 1405 1236 1462 virgo,

217 1466 471 1515 Visa-nefas
487 1473 662 1529 I-longis
684 1474 989 1529 comprendere
1013 1474 1206 1518 crinibus
1228 1476 1392 1533 ignem,

218 1544 369 1598 Atque
392 1557 566 1585 omnem
588 1549 790 1586 ornatum
812 1544 992 1586 flamma
1014 1545 1259 1601 crepitante
1281 1549 1476 1605 eremari,

218 1613 490 1670 Regalesque
515 1628 697 1657 aceensa
721 1628 878 1670 comas,
904 1629 1087 1658 aceensa
1109 1631 1327 1673 eoronam,

218 1685 443 1741 insignem
465 1684 650 1741 gemmis
667 1699 678 1738 3
712 1690 813 1726 tum
834 1685 1006 1728 fumida
1027 1687 1192 1730 lumine
1214 1687 1334 1731 fulvo

218 1755 402 1811 Involvi,
427 1770 476 1798 ae
498 1755 607 1798 totis
631 1755 887 1798 Vulcanum
909 1771 1110 1814 spargere
1133 1759 1276 1802 tectis.

217 1826 273 1868 Id
294 1840 392 1868 vero
413 1826 676 1868 horrendum
697 1840 747 1868 ae
770 1825 866 1868 visu
889 1826 1088 1870 mirabile
1110 1827 1235 1872 ferri:

218 1896 423 1953 Namque
444 1896 532 1940 fore
554 1896 771 1939 illustrem
791 1896 910 1939 fama
930 1897 1122 1954 fatisque
1144 1900 1363 1943 canebant

219 1968 386 2024 Ipsam,
411 1968 486 2010 sed
507 1967 669 2024 populo
691 1981 905 2023 magnum
926 1970 1182 2024 portendere
1203 1970 1385 2015 bellum.

219 2038 284 2080 At
306 2053 382 2080 rex
405 2038 617 2080 sollicitus
638 2038 857 2093 monstris,
882 2039 1055 2081 oracula
1077 2039 1238 2101 Fauni,

150 2143 158 2147 .
219 2108 413 2150 Fatidiei
434 2108 655 2164 genitoris,
680 2109 788 2163 adit,
813 2109 1018 2165 lucosque
1042 2110 1123 2153 sub
1148 2111 1239 2153 alta

222 2178 423 2222 Consulit
444 2178 662 2233 Albunea,
685 2192 913 2220 nemorum
935 2193 1046 2235 quae
1068 2181 1264 2238 maxima
1288 2197 1406 2226 sacro

220 2249 363 2291 Fonte
386 2253 525 2303 sonat,
551 2262 811 2303 saevamque
835 2248 1014 2290 exhalat
1036 2264 1173 2305 opaea
1194 2252 1443 2307 mephitim.

221 2319 338 2361 Hine
362 2318 505 2361 Italae
528 2323 679 2374 gentes
703 2317 928 2374 omnisque
952 2318 1162 2362 Oenotria
1184 2321 1317 2364 tellus

221 2391 277 2433 In
299 2389 441 2433 dubiis
464 2403 665 2445 responsa
687 2395 858 2445 petunt.
924 2389 1025 2431 Huc
1048 2390 1162 2432 dona
1184 2382 1405 2435 sacerdos·

223 2463 371 2515 Quum
392 2461 513 2516 tulit,
538 2466 583 2502 et
605 2475 829 2503 caesarum
851 2460 999 2503 ovium
1022 2462 1102 2504 sub
1125 2467 1251 2504 nocte
1275 2463 1421 2506 silenti

223 2532 419 2576 Pellibus
440 2531 643 2574 incubuit
666 2531 829 2586 stratis,
854 2546 1111 2587 somnosque
1134 2533 1294 2588 petivit
1315 2548 1326 2588 ;

223 2603 373 2647 Multa
395 2603 536 2646 modis
559 2602 791 2646 simulacra
811 2603 931 2645 videt
953 2603 1187 2646 volitantia
1210 2604 1344 2661 miris,

1564 155 1650 200 149

1593 559 1650 601 60

1593 913 1650 956 65

1592 1265 1651 1312 ’70

1591 1619 1649 1666 ’75

1590 1975 1649 2017 80

1592 2326 1648 2371 85
