1741 2902
606 135 835 166 Ammlnos
867 135 954 166 LIB.
990 135 1088 164 vm.
1486 122 1570 167 175

146 246 261 301 Ergo
283 245 367 289 iter
387 245 616 301 inceptum
640 244 832 286 celerant
854 257 1024 285 rumore
1048 242 1237 284 secundo
1257 255 1269 295 ;
1515 243 1572 285 90

145 316 327 360 Labitur
347 321 483 359 uncta
506 315 627 357 vadis
649 314 781 369 abies⁷
806 314 1024 356 mirantur
1046 317 1091 355 et
1113 312 1271 367 undae,

144 387 333 430 Miratur
353 401 506 428 nemus
528 385 754 427 insuetum
776 384 991 441 fulgentia
1014 383 1140 438 longe

145 459 281 501 Scuta
302 458 445 500 virum
468 456 616 511 fluvio,
642 456 870 512 pictasque
894 455 1043 496 innare
1067 453 1249 496 carinas.

144 528 233 572 0111
255 528 433 584 remigio
456 533 716 582 noctemque
739 526 942 581 diemque
964 525 1169 581 fatigant,

142 600 203 641 Et
226 600 375 656 longos
398 604 605 656 superant
627 598 779 652 flexus,
804 597 1018 652 variisque
1042 601 1254 652 teguntur
1520 598 1572 638 Of:

144 671 396 726 Arboribus,
420 670 666 725 viridesque
689 673 840 711 secant
864 667 1035 724 placido
1058 680 1243 722 aequore
1266 665 1408 709 silvas,

146 742 221 784 Sol
244 741 439 783 inedium
462 740 570 782 coeli
593 739 902 782 conscenderat
924 738 1077 794 igneus
1100 738 1260 792 orbem,

146 813 294 865 Quum
316 826 462 854 muros
485 824 715 866 arcemque
738 810 889 866 procul
911 824 960 851 ac
984 824 1079 851 rara
1101 809 1329 851 domorum

145 883 283 924 Tecta
305 882 470 936 vident,
486 896 585 938 quae
602 895 719 923 nunc
744 881 945 922 Romana
969 880 1170 936 potentia
1192 879 1308 922 coelo

144 953 380 1008 Aequavit,
405 958 512 994 tunc
536 966 601 994 res
624 951 773 1007 inopes
796 951 1028 993 Evandrus
1051 951 1254 993 habebat.
1487 950 1574 991 100

148 1023 285 1067 Ocius
308 1024 545 1066 advertunt
567 1037 727 1078 proras⁷
752 1021 935 1076 urbique
958 1021 1268 1078 propinquant.

235 1093 368 1136 Forte
390 1093 458 1135 die
481 1093 720 1135 solemnem
741 1092 816 1133 1110
838 1106 914 1134 rex
935 1091 1077 1134 Areas
1098 1091 1303 1133 honorem

146 1163 571 1220 Amphitryoniadae
594 1177 754 1219 magno
776 1162 975 1218 divisque
997 1162 1167 1204 ferebat

146 1235 266 1277 Ante
288 1235 444 1277 urbem
464 1234 511 1276 in
531 1235 640 1277 luco.
707 1233 854 1275 Pallas
876 1233 977 1275 huic
998 1233 1117 1275 filius
1139 1247 1242 1288 una,

146 1305 249 1348 Una
272 1298 420 1357 omnes
438 1305 653 1361 juvenum
674 1304 805 1361 primi
827 1319 1080 1361 pauperque
1105 1310 1284 1347 senatus
1488 1303 1574 1347 105

145 1376 264 1418 Tura
286 1377 466 1431 dabant,
491 1376 754 1433 tepidusque
777 1390 900 1418 cruor
921 1375 1126 1418 fumabat
1148 1374 1204 1417 ad
1226 1390 1333 1418 aras.

147 1447 213 1490 Ut
237 1448 374 1490 celsas
396 1447 539 1490 videre
562 1452 691 1501 rates,
716 1451 850 1502 atque
872 1446 988 1488 inter
1009 1460 1197 1501 opacum

146 1517 293 1560 Allabi
314 1532 467 1560 nemus
490 1522 534 1559 et
557 1517 704 1559 tacitis
725 1516 976 1558 incumbere
999 1516 1154 1570 remis3

146 1588 381 1630 Ten-entur
401 1588 499 1630 visu
522 1587 682 1642 subito,
707 1587 941 1642 cunctique
965 1586 1125 1630 relictis

147 1659 428 1715 Consurgunt
451 1657 622 1701 mensis.
686 1656 851 1699 Audax
873 1671 981 1712 quos
1005 1670 1204 1712 rumpere
1228 1655 1375 1698 Pallas
1490 1656 1576 1697 110

147 1729 280 1774 Sacra
303 1735 440 1784 vetat,
464 1733 675 1785 raptoque
697 1728 816 1770 Volat
838 1728 926 1769 telo
948 1727 1101 1769 obvius
1123 1727 1230 1783 ipse,

147 1801 206 1843 Et
230 1800 381 1857 procul
401 1815 423 1842 e
446 1800 620 1842 tumulo
645 1798 672 1819 ‘⁶
687 1798 896 1853 JuveneS,
922 1812 1032 1853 quae
1055 1812 1187 1840 causa
1210 1796 1384 1853 subegit

147 1872 174 1892 ‘⁶
193 1872 373 1928 Ignotas
396 1876 567 1913 tentare
589 1870 680 1912 vias
699 1871 718 1912 Ρ
786 1869 882 1922 Quo
904 1868 1085 1911 tenditis
1104 1869 1126 1912 ‚9
1147 1870 1171 1886 '¹
1194 1866 1353 1923 inquit.

148 1942 174 1963 ‘⁴
192 1943 279 1997 Qui
292 1957 429 1999 genus
445 1944 466 1986 Ρ
493 1941 625 1985 Unde
641 1942 767 1984 domo
783 1942 804 1984 Ρ
830 1940 1047 1982 Pacemne
1060 1940 1146 1982 huc
1160 1938 1298 1994 fertis,
1316 1953 1372 1980 an
1387 1952 1509 1980 arma
1525 1939 1576 1981 ?'’

147 2014 264 2056 Tum
287 2019 414 2070 pater
434 2013 607 2055 Aeneas
629 2012 769 2069 puppi
791 2011 850 2054 sie
872 2011 994 2054 fatur
1015 2010 1070 2053 ab
1094 2011 1199 2066 alta,
1493 2011 1576 2053 115

148 2084 458 2140 Paciferaeque
479 2097 616 2125 manu
637 2097 808 2125 ramum
830 2081 1080 2139 praetendit
1104 2081 1242 2124 olivae
1259 2095 1268 2125 :

149 2155 175 2175 ‘⁴
195 2154 463 2210 Trojugenas
485 2168 535 2196 ac
559 2154 648 2196 tela
670 2153 788 2195 vides
810 2152 988 2194 inimica
1012 2151 1196 2206 Latinis,

150 2225 176 2246 ‘⁶
197 2225 315 2278 Quos
337 2224 401 2266 1111
421 2224 534 2267 bello
557 2223 758 2279 profugos
781 2237 902 2279 egere
925 2222 1122 2277 superbo,

150 2296 176 2317 ‘⁶
195 2295 452 2338 Evandrum
476 2294 679 2350 petimus.
742 2293 872 2334 Ferte
895 2292 1002 2333 haec
1026 2297 1071 2333 et
1093 2291 1240 2345 dicite,
1264 2291 1400 2334 lectos

150 2366 177 2388 ‘⁶
198 2366 446 2408 Dardaniae
469 2364 634 2406 venisse
656 2364 803 2418 (111000,
829 2362 944 2405 socia
966 2376 1089 2403 arma
1112 2362 1355 2418 rogantes.'’
1494 2363 1532 2402 1·

151 2435 397 2492 Obstupuit
422 2440 547 2477 tanto
569 2448 798 2490 percussus
820 2432 993 2474 nomine
1016 2432 1164 2474 Paiias
1185 2446 1195 2485 ;

152 2507 179 2527 “
195 2506 410 2562 Egredere
433 2520 457 2548 o
479 2505 744 2561 quicumque
767 2518 811 2545 es
825 2504 850 2521 '¹
873 2502 937 2544 ait-
961 2501 1238 2557 “coramque
1261 2506 1490 2557 parentem

155 2577 180 2598 “
201 2577 452 2633 Aquuere,
476 2592 525 2619 ae
551 2576 710 2619 nostris
733 2574 913 2617 succede
936 2573 1171 2629 penatibus
1193 2573 1374 2629 hospes!
1395 2573 1420 2591 ’'

1522 2362 1548 2402 NJ

1553 2362 1580 2402 0
