1757 2916
163 107 252 155 1¹74
632 119 861 152 AENEIDos
893 120 979 152 Lus.
1016 120 1114 152 v111.

165 230 193 252 “
215 230 310 274 Hos
333 230 496 274 eastris?
508 230 668 274 adhibe
691 229 838 284 socios,
863 235 907 272 et
929 229 1101 271 foedera
1117 227 1266 285 junge.

162 301 191 322 “
213 302 316 359 Ipse
339 317 417 359 ego
440 308 484 344 te
507 302 610 358 ripis
633 307 678 344 et
701 306 819 343 recto
841 300 1024 343 flumine
1047 301 1221 356 ducam,

164 372 190 393 “
211 373 461 416 Adversum
484 373 613 415 remis
637 386 809 428 superes
833 371 1067 414 subvectus
1088 377 1141 414 ut
1164 386 1352 415 amnem.

164 445 191 465 ‘⁶
213 445 351 502 Surge
375 460 468 502 age,
493 451 596 487 nate
618 445 713 499 dea,
740 443 979 500 primisque
1003 445 1263 487 cadentibus
1287 444 1416 487 astris

163 515 189 536 ‘⁴
206 516 375 559 Junoni
397 517 459 558 ser
482 516 562 558 rite
586 529 748 571 preceS,
773 514 971 570 iramque
993 515 1220 571 minasque
1541 515 1598 558 60

162 586 189 607 ‘⁶
209 586 492 643 Supplicibus
515 599 673 641 supera
694 585 818 628 votis.
884 584 997 627 Mihi
1017 585 1159 628 victor
1181 586 1388 628 honorem

162 657 191 678 ‘⁶
206 657 442 699 Persolvcs.
506 655 601 712 Ego
624 670 735 711 sum,
759 655 888 712 pleno
910 670 1043 712 quem
1063 656 1245 698 flumine
1267 656 1406 698 cernis

162 728 191 749 “
214 728 515 784 Stringentem
537 727 655 783 ripas
678 732 722 769 et
744 726 927 784 pinguia
949 727 1070 770 culta
1094 732 1333 783 secantem,

162 798 190 820 “
211 798 450 842 Caeruleus
475 797 676 855 Thybris,
701 797 818 840 coelo
839 797 1116 854 gratissimus
1138 797 1294 842 amnis.

163 869 191 890 “
211 869 299 912 Hie
321 869 431 912 mihi
453 884 615 926 magna
638 869 808 923 domus,
833 867 958 911 celsis
981 873 1116 925 caput
1137 868 1334 924 urbibus,
1360 869 1494 912 exit.'·'
1541 869 1598 912 65

162 941 306 997 Dixit,
331 940 489 983 deinde
511 941 613 983 lacu
634 939 822 982 Fluvius
845 954 888 982 se
911 939 1108 983 condidit
1129 940 1235 996 alto,
1297 965 1301 968 -

160 1012 259 1054 Ima
284 1017 438 1069 petens
455 1025 466 1066 3
500 1026 590 1054 nox
611 1011 796 1054 Aenean
818 1025 1082 1067 somnusque
1105 1011 1295 1068 reliquit.

162 1083 314 1139 Surgit
338 1087 396 1138 et,
421 1082 606 1124 aetherii
629 1086 832 1138 spectans
855 1081 1040 1123 orientia
1064 1081 1163 1124 solis

161 1153 367 1207 Lumina,
394 1153 477 1194 rite
500 1152 617 1195 cavis
639 1152 807 1194 undam
829 1151 882 1193 de
904 1151 1087 1194 flumine
1108 1151 1268 1208 palmis

164 1223 381 1278 Sustinet,
405 1238 456 1266 ac
478 1223 591 1266 tales
615 1222 802 1265 effundit
827 1224 883 1266 ad
905 1223 1086 1265 aethera
1106 1237 1257 1267 voees:
1539 1220 1598 1268 *70

163 1294 191 1315 “
207 1293 458 1351 Nymphae,
478 1294 724 1336 Laurentes
746 1293 983 1350 nymphae,
1004 1308 1142 1350 genus
1159 1293 1363 1336 amnibus
1380 1293 1497 1336 unde
1515 1298 1596 1349 est,

163 1365 191 1386 “
212 1365 382 1421 Tuque,
407 1380 431 1408 ο
456 1364 624 1421 Thybri
646 1370 722 1406 tuo
744 1364 915 1420 genitor
937 1379 1038 1406 cum
1061 1364 1244 1406 flumine
1267 1369 1434 1420 sancto,

163 1436 414 1493 “Accipite
437 1436 622 1478 Aenean
647 1440 691 1476 et
715 1435 899 1477 tandem
920 1440 1065 1477 arcete
1088 1435 1263 1491 periclis
1283 1438 1292 1479 Ξ

163 1506 190 1526 “
211 1507 306 1560 Quo
329 1512 374 1548 te
398 1520 585 1562 cumque
606 1506 727 1548 lacus
750 1505 1033 1547 miserantem
1054 1505 1333 1548 incommoda
1355 1511 1506 1548 nostra

162 1576 190 1598 ‘⁶
208 1577 352 1619 Fonte
376 1581 513 1632 tenet,
538 1590 814 1632 quocumque
837 1576 926 1624 solo
949 1575 1270 1632 pulcherrimus
1293 1576 1400 1631 exis,
1540 1574 1598 1620 75

161 1647 189 1668 “
209 1648 392 1705 Semper
412 1647 571 1690 honore
595 1661 706 1702 meo,
731 1661 902 1703 semper
922 1646 1192 1689 celebrabere
1215 1646 1354 1702 donis,

162 1719 191 1739 ‘⁴
212 1719 420 1775 Corniger
442 1718 742 1775 Hesperidum
762 1717 923 1761 fluvius
946 1722 1148 1774 regnator
1168 1732 1396 1774 aquarum.

161 1789 189 1810 ‘⁶
207 1789 342 1832 Adsis
365 1804 388 1831 0
411 1794 606 1845 tantum,
632 1794 677 1832 et
698 1789 876 1846 propius
899 1794 979 1831 tua
999 1788 1183 1831 numina
1204 1789 1351 1832 firmes
1371 1793 1380 1834 ἒ
1401 1791 1426 1808 ''

163 1860 233 1903 Sic
257 1865 490 1915 memorat,
514 1859 797 1916 geminasque
820 1859 929 1916 legit
950 1861 1003 1902 de
1028 1860 1163 1902 classe
1185 1860 1385 1916 biremes,

161 1930 452 1987 Remigioque
474 1935 630 1986 aptat3
666 1930 799 1972 socios
823 1929 954 1972 simul
976 1930 1158 1972 instruit
1183 1931 1324 1974 armis.
1540 1932 1599 1975 80

161 2001 277 2043 Ecce
301 2007 451 2042 autem
475 2000 672 2042 subitum
694 2006 828 2056 atque
852 2000 988 2043 oculis
1010 2001 1208 2044 mirabile
1233 2008 1495 2058 monstrum,

167 2071 373 2121 Candida,
389 2085 466 2128 per
489 2071 644 2114 silvam
670 2086 772 2113 cum
794 2072 892 2114 fetu
915 2073 1111 2115 concolor
1134 2073 1234 2115 albo

170 2142 406 2185 Procubuit
429 2142 644 2198 viridique
668 2141 714 2184 in
736 2142 860 2185 litore
885 2143 1155 2200 conspicitur
1178 2158 1278 2188 sus:

163 2213 309 2266 Quam
331 2212 431 2269 pius
453 2212 627 2254 Aeneas
650 2212 733 2254 tibi
756 2213 885 2269 enim,
910 2214 1009 2270 tibi,
1033 2215 1228 2257 maxima
1250 2215 1281 2258 ,J
1286 2230 1385 2271 uno,

162 2283 352 2338 Maetat,
377 2297 497 2325 sacra
518 2282 674 2338 ferens,
699 2289 742 2325 et
765 2299 867 2326 eum
890 2299 1017 2342 grege
1043 2286 1162 2329 sistit
1185 2287 1241 2329 ad
1263 2301 1395 2329 aram.
1542 2287 1599 2331 85

163 2353 351 2409 Thybris
375 2367 425 2395 ea
447 2352 647 2409 fiuvium,
672 2368 805 2409 quam
830 2355 958 2412 longa
979 2361 1059 2410 est,
1086 2362 1214 2416 nocte
1239 2362 1484 2400 tumentem

162 2424 324 2480 Leniit,
351 2430 395 2466 et
419 2424 568 2466 tacitis
579 2423 765 2467 refluens
788 2426 853 2467 ita
876 2426 1078 2469 substitit
1100 2428 1235 2482 unda,

163 2496 290 2538 Mitis
312 2501 365 2538 ut
387 2495 432 2537 in
454 2510 619 2538 morem
642 2496 788 2552 stagni
810 2497 1099 2554 placidaeque
1121 2498 1297 2555 paludis

165 2566 389 2609 Sterneret
412 2580 574 2622 aequor
594 2565 734 2622 aquis,
759 2581 874 2610 remo
895 2572 947 2610 ut
969 2568 1196 2611 luctamen
1219 2568 1405 2614 abesset.
