1757 2916
148 156 236 200 272
638 168 867 198 AENEIDOS
900 168 986 199 LIB.
1022 169 1082 198 xr.

151 275 306 332 thue
329 276 480 332 procul
502 276 645 319 medio
662 275 878 332 juvenum
900 275 947 317 in
970 275 1160 318 clamore
1182 276 1409 318 furentum

151 346 384 403 Prospexit
410 346 527 389 tristi
548 347 791 388 multatam
813 350 952 387 morte
977 346 1224 401 Camillam,

151 418 468 474 Ingemuitque
492 417 699 472 deditque
721 417 800 459 lias
823 416 912 458 imo
934 421 1108 472 pectore
1131 431 1284 460 voces:
1502 415 1590 459 840

155 490 180 510 ‘⁴
199 489 302 531 Heu
325 490 526 544 nimium,
550 489 684 545 virgo,
710 487 898 530 nimium
921 489 1095 531 crudele
1116 489 1240 532 luisti

154 561 181 581 ‘⁴
202 561 494 617 Supplicium,
515 560 706 602 Teucros
730 563 889 601 conata
910 559 1119 602 lacessere
1140 560 1254 602 bello
1272 574 1282 614 3

155 631 183 653 “
201 631 294 674 Nec
318 631 404 673 tibi
426 632 621 673 desertae
643 630 690 672 in
712 630 858 673 dumis
882 630 1063 673 coluisse
1086 630 1279 673 Dianam

155 701 182 722 ‘⁶
202 701 391 756 Profuit,
416 706 495 743 aut
519 706 688 743 nostras
710 700 893 742 humero
916 701 1097 757 gessisse
1122 701 1319 757 sagittas.

155 771 182 792 “
201 771 303 814 Non
325 777 476 814 tamen
498 771 745 814 indecorem
769 777 849 813 tua
872 777 916 813 te
941 771 1088 827 regina
1112 771 1289 827 reliquit
1334 805 1337 808 ⁴
1409 778 1415 784 '
1505 769 1593 813 845

155 842 181 862 ‘⁶
199 842 415 885 Extrema
431 841 527 899 jam
547 842 594 885 in
616 847 770 898 morte,
795 856 935 898 neque
957 842 1037 884 hoc
1061 842 1152 885 sine
1176 842 1350 884 nomine
1372 841 1517 883 letum

155 913 183 934 ‘⁶
202 913 289 956 Per
309 919 462 970 gentes
486 913 581 968 erit,
606 918 686 956 aut
709 913 875 955 famam
897 912 1078 969 patieris
1100 913 1295 956 inultae:

155 984 182 1005 “
200 983 319 1027 Nam
342 983 610 1041 quicumque
633 989 766 1027 tuum
786 983 969 1027 violavit
992 984 1168 1027 vulnere
1192 999 1361 1040 corpus,

155 1056 184 1078 “
203 1056 346 1100 Morte
367 1057 464 1099 luet
486 1056 686 1098 merita.'’
750 1055 861 1098 Fuit
883 1056 1038 1111 ingens
1061 1062 1210 1098 monte
1235 1056 1315 1098 sub
1337 1056 1427 1098 alto

155 1127 290 1184 Regis
313 1127 533 1170 Dercenni
556 1132 726 1169 terreno
747 1141 801 1168 ex
825 1141 979 1183 aggere
1003 1127 1186 1169 bustum
1506 1126 1594 1168 850

155 1198 348 1254 Antiqui
368 1197 618 1253 Laurentis,
644 1211 868 1253 opacaque
891 1197 988 1239 ilice
1011 1203 1210 1241 tectum:

156 1270 243 1312 Hic
266 1270 349 1312 dea
372 1284 415 1312 se
438 1269 632 1325 primum
657 1269 806 1325 rapido
827 1269 1120 1325 pulcherrima
1143 1269 1242 1311 nisu

159 1341 302 1396 Sistit,
328 1346 374 1383 et
395 1340 639 1383 Arruntem
661 1340 837 1382 tumulo
859 1340 1115 1396 speculatur
1137 1341 1193 1383 ab
1216 1341 1320 1384 alto.

157 1412 226 1456 Ut
247 1412 360 1455 vidit
382 1412 627 1454 lae-tantem
648 1410 806 1453 animis
830 1425 879 1452 ac
903 1426 1015 1453 vana
1039 1417 1284 1452 tumentem
1300 1425 1311 1465 ;

159 1482 187 1503 ‘⁶
207 1482 299 1526 Cur
312 1484 336 1501 '²
358 1481 505 1538 inquit
531 1480 774 1523 “diversus
796 1480 890 1523 abis
906 1482 927 1523 P
984 1480 1086 1523 Huc
1110 1481 1246 1538 dirige
1269 1495 1481 1538 gressum,
1507 1481 1595 1524 855

159 1553 307 1596 “Huc
330 1552 523 1609 periture
545 1550 659 1606 veni,
687 1551 835 1607 capias
858 1555 910 1593 ut
932 1551 1066 1609 digna
1092 1550 1305 1595 Camillae

159 1623 187 1647 ‘⁶
202 1624 418 1667 Praemia.
485 1623 612 1665 Tune
635 1622 769 1665 etiam
792 1622 893 1665 telis
914 1623 1094 1665 moriere
1118 1623 1290 1665 Dianae
1310 1624 1331 1666 P
1348 1624 1374 1641 “'

159 1695 304 1751 Dixit,
330 1700 375 1737 et
398 1699 556 1737 aurata
578 1693 801 1736 volucrem
825 1694 1031 1737 Threissa
1054 1694 1264 1751 sagittam

158 1766 415 1823 Depromsit
440 1766 660 1822 pharetra,
686 1779 907 1820 cornuque
930 1764 1103 1807 infensa
1126 1765 1317 1807 tetendit

159 1837 219 1880 Et
241 1837 372 1880 duxit
393 1837 540 1893 longe,
565 1837 700 1879 donec
723 1841 906 1878 curvata
927 1836 1093 1878 coirent
1508 1835 1597 1878 860

157 1909 280 1951 Inter
302 1922 346 1950 se
369 1907 531 1963 capita,
556 1912 600 1949 et
622 1907 825 1949 manibus
843 1905 938 1962 jam
961 1911 1161 1962 tangeret
1186 1906 1354 1962 aequis,

158 1979 305 2022 Laeva
327 1977 465 2020 aciem
482 1977 596 2033 ferri,
621 1978 778 2019 dextra
801 1991 1016 2033 nervoque
1038 1978 1262 2033 papillam.

159 2049 400 2105 Extemplo
423 2048 501 2091 teli
523 2048 752 2091 stridorem
774 2062 990 2103 aurasque
1015 2054 1220 2091 sonantes

160 2120 319 2163 Audiit
341 2135 431 2162 una
453 2119 640 2175 Arruns,
663 2119 893 2175 haesitque
915 2119 961 2162 in
985 2134 1157 2176 corpore
1180 2119 1353 2164 ferrum.

161 2193 296 2234 Illum
319 2191 616 2247 exspirantem
640 2190 744 2232 socii
766 2196 900 2246 atque
923 2196 1121 2234 extrema
1144 2196 1396 2248 gementem
1509 2192 1597 2236 865

164 2262 308 2306 Obliti
329 2262 479 2319 ignoto
501 2275 756 2318 camporum
779 2261 825 2303 111
848 2262 1026 2318 pulvere
1048 2262 1261 2318 linquunt
1281 2276 1291 2316 3

162 2334 270 2390 Opis
292 2334 349 2376 ad
373 2332 621 2376 aetherium
643 2332 798 2389 pennis
820 2333 1018 2376 aufertur
1041 2333 1294 2390 Olympum.

253 2405 405 2447 Prima
425 2403 558 2460 fugit,
581 2402 760 2446 domina
782 2404 955 2458 amissa,
980 2405 1089 2447 levis
1112 2405 1183 2447 ala
1206 2404 1434 2460 Camillae,

163 2476 350 2518 Turbati
370 2475 549 2532 fugiunt
573 2474 745 2530 Rutuli,
768 2474 883 2529 fugit
906 2490 1004 2518 acer
1027 2475 1203 2531 Atinas,

165 2547 435 2604 Disjectique
458 2547 591 2589 duces
613 2545 885 2601 desolatique
909 2546 1095 2603 manipli
1509 2543 1598 2590 870

165 2619 285 2661 Tuta
305 2622 469 2675 petunt
491 2623 536 2660 et
558 2616 681 2673 equis
703 2616 841 2659 aversi
864 2617 918 2659 ad
942 2617 1115 2660 moenia
1139 2617 1343 2660 tendunt.
