1757 2916
209 143 267 188 78
391 175 396 179 -
698 153 927 183 AENEIDos
960 153 1044 183 LIB.
1081 152 1141 183 1v.

205 264 289 309 Oui
312 278 355 307 se
379 263 564 321 pulchra
585 262 676 306 viro
698 261 907 319 dignetur
923 261 1106 318 jungere
1130 259 1274 312 Dido;

205 335 335 378 Nunc
359 335 552 377 hiemem
573 334 688 376 inter
711 347 754 375 se
776 333 900 386 luxu,
925 347 1060 388 quam
1084 332 1226 386 longa,
1249 330 1406 383 fovere,

206 407 457 463 Regnorum
478 405 750 447 immemores
774 403 982 458 turpique
1005 402 1210 458 cupidine
1233 406 1396 456 captos

206 478 324 520 Haec
350 477 514 534 passim
538 477 619 518 dea
639 475 766 516 foeda
787 474 930 515 virum
952 473 1161 515 diffundit
1184 472 1229 514 in
1252 486 1335 513 ora.
1553 469 1638 512 195

205 549 423 592 Protcnus
445 548 501 590 ad
523 560 669 602 regem
691 558 843 587 cursus
866 545 1098 599 detorquet
1122 543 1299 595 Iarban,

205 618 496 673 Incenditque
520 616 721 658 animum
743 613 874 656 dictis
896 619 1030 668 atque
1054 617 1234 668 aggerat
1256 612 1352 653 iras.

205 690 290 732 Hic
314 689 533 732 Ammone
557 691 692 739 satus,
718 689 846 740 rapta
869 683 1186 726 Garamantide
1211 681 1437 738 Nympha,

205 760 392 816 Templa
413 759 444 802 J
449 758 518 801 ovi
539 762 720 800 centum
740 755 846 798 latis
867 754 1081 797 immania
1104 753 1248 810 regnis

205 831 400 874 Centum
421 844 517 872 aras
540 828 687 885 posuit
707 841 718 882 ;
754 825 1022 883 vigilemque
1046 830 1291 868 sacraverat
1314 824 1476 881 ignem,
1552 823 1642 866 200

204 901 428 944 Excubias
450 900 604 942 divum
626 903 826 940 aeternas
849 911 860 952 ;
895 896 1204 953 pecudumque
1227 908 1379 937 cruore

207 972 380 1029 Pingue
403 971 543 1014 solum
566 975 611 1012 et
633 968 764 1011 variis
786 968 986 1011 florentia
1015 967 1171 1008 limina
1199 965 1337 1008 sertis.

205 1043 339 1099 Isque
362 1056 516 1084 amens
538 1039 677 1083 animi
699 1045 743 1081 et
766 1052 936 1081 rumore
959 1051 1166 1080 accensus
1189 1051 1337 1079 amaro

207 1113 389 1156 Dicitur
410 1118 514 1154 ante
537 1125 633 1153 aras
655 1110 801 1152 media
824 1109 938 1151 inter
960 1108 1143 1150 numina
1165 1107 1321 1149 divum

207 1184 355 1226 Multa
377 1179 537 1226 Jovem
560 1181 766 1223 manibus
789 1181 976 1237 supplex
999 1193 1138 1222 orasse
1161 1178 1354 1235 supinis:
1556 1176 1642 1220 205

208 1254 433 1311 “Jupiter
456 1252 744 1309 omnipotens,
768 1252 840 1294 cui
864 1265 978 1293 nunc
1003 1249 1231 1292 Maurusia
1252 1248 1382 1305 pictis

209 1327 236 1347 ‘⁴
255 1327 377 1370 Gens
399 1327 580 1383 epulata
602 1325 706 1368 toris
729 1325 954 1367 Lenaeum
975 1324 1086 1366 libat
1107 1323 1329 1377 honorem,

210 1397 237 1419 “
252 1397 458 1454 Adspicis
481 1397 585 1439 haec
605 1397 626 1440 Ρ
662 1411 719 1438 an
740 1401 800 1451 te,
824 1395 1008 1451 genitor,
1033 1409 1170 1451 quum
1193 1393 1379 1436 fulmina
1398 1398 1591 1448 torques,

210 1468 237 1489 ‘⁶
257 1468 574 1524 Nequidquam
596 1467 834 1521 horremus,
859 1465 1061 1521 caecique
1084 1465 1130 1507 in
1150 1464 1341 1507 nubibus
1359 1464 1481 1520 ignes

210 1539 237 1560 ί(
257 1538 517 1581 Terrificant
542 1537 711 1579 animos
734 1542 778 1579 et
800 1532 956 1578 inania
970 1550 1199 1577 murmura
1219 1535 1407 1577 miscent
1427 1535 1448 1578 Ρ
1557 1534 1646 1576 210

210 1610 237 1631 “
258 1609 459 1665 Femina,
483 1623 594 1665 quae
618 1607 777 1650 nostris
799 1621 946 1649 errans
967 1606 1014 1648 in
1035 1605 1198 1649 finibus
1219 1605 1374 1648 urbem

211 1681 238 1702 ‘⁶
253 1680 476 1738 Exiguam
497 1679 637 1736 pretio
659 1678 820 1735 posuit,
844 1677 917 1721 cui
937 1677 1045 1721 litus
1068 1677 1299 1733 arandum,

211 1752 239 1773 “
260 1752 430 1808 Cuique
452 1750 536 1792 loci
557 1750 675 1807 leges
697 1749 913 1805 dedimus,
938 1748 1157 1792 connubia
1179 1753 1328 1791 nostra

213 1823 241 1845 ‘⁴
261 1822 458 1878 Repulit,
483 1836 532 1863 ae
555 1821 785 1863 dominum
808 1820 993 1862 Aenean
1015 1819 1060 1862 in
1083 1834 1217 1875 regna
1239 1819 1414 1875 recepit.

213 1892 239 1912 ‘⁶
258 1892 320 1934 Et
342 1905 456 1934 nune
480 1891 553 1933 ille
577 1890 699 1932 Paris
722 1904 824 1932 eum
847 1889 1045 1932 semiviro
1067 1890 1296 1944 comitatu,
1558 1889 1647 1932 215

213 1961 241 1985 “
261 1962 466 2004 Maeonia
487 1966 690 2003 mentum
712 1960 844 2002 mitra
867 1960 1116 2016 crinemque
1139 1961 1395 2003 madentem

215 2032 241 2052 ‘¹
260 2031 497 2086 Subnixus,
523 2041 648 2086 rapto
670 2031 865 2087 potitur;
899 2045 976 2072 nos
1001 2045 1181 2072 munera
1204 2031 1381 2087 templis

215 2102 243 2123 ‘³
266 2102 440 2158 Quippe
463 2102 552 2156 tuis
576 2101 769 2156 ferimus,
793 2101 1045 2157 famamque
1068 2101 1263 2144 fovemus
1285 2102 1462 2144 inanem
1485 2104 1495 2146 1
1514 2103 1537 2119 ’²

216 2173 399 2215 Talibus
421 2177 620 2215 orantem
642 2171 770 2214 dictis
793 2187 976 2228 arasque
1000 2177 1227 2215 tenentem

216 2243 375 2286 Audiit
398 2243 685 2299 omnipotens,
709 2243 939 2298 oculosque
962 2244 1018 2286 ad
1040 2243 1212 2286 moenia
1235 2243 1363 2286 torsit
1560 2243 1650 2285 220

217 2315 355 2371 Regia
377 2319 422 2356 et
445 2313 601 2357 oblitos
622 2314 763 2357 famae
786 2314 972 2357 melioris
996 2320 1206 2357 amantes.

218 2384 335 2425 Tum
360 2383 420 2426 sic
445 2383 709 2426 Mercurium
731 2383 969 2440 alloquitur
991 2398 1040 2426 ae
1064 2385 1172 2427 talia
1195 2385 1406 2429 mandat:

219 2454 245 2475 “
267 2454 392 2497 Vade
415 2469 508 2511 age,
532 2459 650 2510 nate,
674 2468 779 2497 voca
801 2454 1020 2511 Zephyros
1043 2461 1088 2498 et
1109 2457 1253 2498 labere
1275 2456 1447 2513 penniS,

220 2528 247 2549 “
267 2528 629 2584 Dardaniumque
651 2528 822 2584 ducem,
848 2528 981 2585 Tyria
1005 2528 1271 2586 Carthagine
1293 2530 1371 2586 qui
1392 2544 1508 2573 nunc

220 2601 245 2620 “
262 2599 509 2661 Exspectat
531 2598 719 2655 fatisque
741 2600 869 2642 datas
891 2614 977 2642 11011
999 2600 1175 2657 respicit
1196 2601 1338 2657 urbes,
1559 2601 1648 2645 225
